2610 4396
1153 182 1194 250 di

67 353 233 434 indignum
258 357 360 417 tamen
390 359 440 418 est
467 354 596 420 homine
625 354 762 432 liberali,
790 355 874 438 quod
903 361 957 423 aut
982 354 1118 435 turpiter
1139 359 1194 419 aut

67 479 217 556 potenter
247 474 375 538 dicitur:
409 474 491 556 quod
514 473 624 540 fecisse
657 475 811 558 quendam
847 475 924 552 scio,
953 475 1005 556 qui
1032 472 1192 539 humiliori

66 592 170 657 libere
192 593 342 658 adversus
365 611 398 658 se
420 592 571 672 loquenti,
594 593 792 674 „colaphum
815 593 925 675 inquit,
948 593 1005 681 tibi
1030 591 1139 657 ducam
1163 596 1194 656 et

68 709 234 774 formulam
258 710 390 788 scribes,
417 711 499 791 quod
526 717 617 791 caput
639 713 749 776 durum
773 713 917 776 habeas“.
960 711 1019 775 Hic
1036 711 1118 775 enim
1138 709 1195 773 du·

69 828 158 893 bium
181 834 242 906 est,
276 833 379 893 utrum
408 829 511 894 ridere
546 829 710 894 audientes
739 849 778 893 an
812 830 965 909 indignari
1000 828 1193 892 debuerint.“

70 947 151 1011 Nam
181 946 364 1026 „formulam
398 948 537 1012 scribes“
565 948 643 1011 nihil
676 948 760 1012 aliud
789 954 839 1013 est
869 947 930 1012 nisi
958 946 1114 1026 „scribes‘
1143 945 1193 1010 uel

67 1066 173 1147 potius
194 1064 410 1145 ‚‚testaberis“,
433 1071 504 1145 post
533 1065 615 1145 quod
644 1073 857 1145 exspectamus
887 1065 1094 1130 accusativum
1124 1082 1191 1130 cum

66 1180 231 1247 infinitivo,

118 1344 122 1351 .
155 1300 273 1378 V11‚4‚
301 1302 337 1363 12
361 1299 459 1380 „Nam
482 1302 514 1365 in
548 1301 779 1382 comparatione
796 1303 965 1371 ‚malorum
995 1302 1066 1368 boni
1091 1303 1192 1367 locum

67 1419 194 1492 obtinet
217 1419 325 1498 leuius
347 1424 383 1484 ut
405 1420 431 1484 si
456 1419 617 1483 Mancinus
641 1419 749 1485 foedus
772 1420 997 1485 Numantinum
1020 1420 1065 1487 sic
1087 1420 1193 1485 defen-

68 1539 137 1616 dat,
168 1538 251 1619 quod
283 1538 459 1617 periturus,
482 1538 542 1602 nisi
564 1537 596 1600 id
620 1537 731 1601 tactum
756 1544 854 1616 esset,
881 1538 976 1604 fuerit
1008 1539 1192 1607 exercitus.“

68 1656 225 1721 Defendat
250 1684 285 1708 =
311 1654 481 1720 defendens
504 1656 595 1720 dicat
639 1655 690 1721 Sic
711 1655 897 1722 aCicerone
914 1658 1042 1722 verbum
1067 1655 1193 1736 „defen-

68 1775 163 1839 dere“
194 1773 319 1855 saepius
349 1773 516 1837 adhibetur
551 1779 699 1855 sequente
732 1777 907 1839 accusativo
935 1793 1004 1839 cum
1031 1773 1192 1854 infinitivo,

67 1900 104 1957 ut
124 1892 162 1956 de
185 1889 236 1956 fin.
261 1891 317 1970 111,
339 1893 389 1968 21,
414 1894 448 1955 71
477 1891 748 1974 „Gravissimeque
768 1898 799 1957 et
819 1893 983 1957 verissime
1005 1892 1192 1972 defenditur,

66 2028 224 2092 nunquam
250 2009 436 2091 aequitatem
460 2010 499 2074 ab
522 2010 657 2075 utilitate
680 2030 773 2091 posse
794 2012 945 2093 seiungi.“

154 2129 227 2208 Vll,
251 2134 286 2208 2,
309 2129 344 2192 31
372 2128 495 2208 „Facile
516 2129 738 2208 respondetur,
766 2129 813 2192 vel
835 2130 918 2211 quod
941 2129 1046 2196 omnia
1074 2111 1193 2195 scelera

66 2247 98 2309 in
123 2248 220 2312 malos
242 2247 354 2312 cadant
375 2247 509 2328 ideoque
531 2263 625 2326 saepe
648 2246 799 2326 deprensa
822 2247 897 2324 siut,
925 2249 974 2311 vel
1001 2249 1085 2331 quod
1112 2248 1193 2312 indi-

66 2383 162 2446 gnum
186 2365 229 2431 sit
249 2366 378 2428 crimina
400 2365 469 2445 ipsa
492 2365 656 2429 atrocitate
679 2363 831 2428 defendi.“

153 2481 303 2548 Similiter
326 2482 379 2560 XI,
405 2487 430 2562 l,
454 2485 493 2550 82
518 2483 597 2562 „Hic
617 2484 713 2566 igitur
732 2482 830 2548 multa
853 2502 915 2547 non
938 2482 1119 2548 deformiter
1142 2484 1190 2548 di-

69 2606 131 2666 cet:
165 2601 213 2666 vel
234 2600 316 2682 quod
344 2601 482 2666 omnium
505 2602 546 2666 sit
574 2608 680 2666 votum
710 2608 889 2681 parentum,
925 2607 959 2667 ut
987 2601 1193 2682 honestiorea

68 2737 161 2801 quam
184 2718 247 2804 sint
269 2719 346 2798 ipsi,
367 2718 486 2783 liberos
508 2720 646 2783 habeant
655 2768 744 2796 .....
773 2718 823 2785 uel
847 2721 927 2801 quod
952 2719 1102 2785 humilior
1125 2719 1192 2800 ipse

68 2837 162 2902 fuerit
163 2883 252 2917 .....
274 2837 324 2902 vel
347 2838 430 2919 quod
453 2856 514 2900 uon
538 2837 685 2902 habuerit
706 2842 826 2918 patrem
849 2838 902 2918 qui
927 2839 1130 2903 moueret..“
1153 2871 1191 2882 -

155 2955 256 3021 Semel
285 2957 417 3037 legimus
440 2955 561 3036 „quod‘
590 2961 661 3034 post
689 2957 916 3022 substantivum
940 2956 1116 3035 „nuntius“,
1139 2954 1194 3020 ubi
1268 3000 1276 3012 .

69 3075 263 3140 acerrsativus
291 3091 360 3138 eum
389 3072 540 3138 infinitivo
578 3075 723 3138 usitatior
757 3079 828 3150 est‚:
863 3073 920 3153 XI,
954 3076 988 3154 2,
1024 3075 1061 3139 12
1095 3075 1192 3152 „Nam

68 3211 139 3258 cum
168 3198 252 3257 esset
280 3191 398 3274 grande
427 3192 598 3257 convivium
621 3192 653 3255 in
684 3192 832 3256 honorem
863 3193 1000 3258 eiusdem
1036 3191 1193 3272 victoriae,

70 3309 230 3375 adhibitus
260 3312 289 3375 ei
318 3328 413 3375 cenae
438 3309 614 3374 Simonides
641 3310 751 3375 nuntio
775 3316 823 3375 est
851 3312 982 3389 excitus,
1015 3311 1192 3392 quodcum

70 3428 132 3491 duo
157 3428 284 3493 iuvenes
307 3428 395 3511 equis
419 3428 539 3493 advecti
569 3426 748 3492 desiderare
771 3429 916 3491 maiorem
940 3429 973 3490 in
997 3429 1124 3492 modum
1148 3428 1194 3491 di-

70 3547 248 3611 cebantur.“
296 3543 339 3610 cf.
363 3545 423 3610 Cic.
448 3546 486 3608 ad
507 3545 578 3609 fam.
601 3545 646 3621 ΙΙ,
673 3548 718 3610 19»
733 3545 828 3624 „Ouiu
859 3546 1087 3626 optatissimum
1111 3565 1192 3610 nuu-

70 3663 149 3728 tium
172 3665 369 3744 accepissem,
392 3669 423 3728 te
446 3662 522 3727 mihi
544 3667 740 3743 quaestorem
764 3662 1012 3743 obtigisse“....
1038 3697 1073 3710 -

366 3907 370 3914 .
430 3878 838 3907 WVWWNNVVWVV
