2610 4396
104 182 156 274 a

77 406 80 410 “
113 381 161 442 est
182 375 337 441 sententia
359 392 396 439 ex
419 373 595 450 contrariis,
623 380 789 455 propterea
812 375 893 457 quod
923 375 1060 441 eminere
1079 377 1167 441 inter
1189 395 1245 443 ce-

113 503 196 582 teras
218 495 352 573 videtur,
373 506 408 558 ut
429 493 585 558 Homerus
608 496 747 575 „poeta“,
771 494 884 571 „nrbs“
906 494 1032 559 Roma“.

196 612 742 692 111‚1,5;6,87;1v‚1,2;t⁷‚
771 614 817 688 14,
840 613 897 692 243
921 611 990 690 Vll,
1013 613 1041 692 4,
1064 615 1115 679 20.
1141 650 1184 661 —

198 731 297 811 „Nou
321 730 397 796 alio
420 732 553 812 quod“:
577 729 600 806 Ι,
623 733 652 803 5,
680 733 715 794 16
739 729 923 810 „—„scala“
940 736 1044 794 tamen
1058 736 1090 797 et
1106 736 1245 813 „scopa“

113 857 282 931 contraque
305 849 458 930 „hordea“
478 853 509 912 et
526 850 674 928 „mulsa“,
697 849 770 913 licet
787 848 959 914 litterarum
979 849 1245 931 immutationem,

114 969 353 1047 detractionem,
388 967 595 1032 adiectionem
628 968 781 1046 habeant,
815 985 877 1031 non
911 965 972 1030 alio
1005 967 1121 1033 vitiosa
1155 975 1244 1048 sunt,

112 1105 204 1168 quam
229 1087 311 1168 quod
341 1086 474 1166 pluralia
501 1086 701 1168 singulariter
722 1095 755 1150 et
776 1084 948 1166 singularia
966 1152 968 1157 ,
976 1084 1138 1165 pluraliter
1162 1087 1242 1153 effe-

111 1206 254 1297 runturf‘.
1100 1180 1103 1185 ’

197 1323 221 1404 l,
244 1326 273 1402 6,
296 1324 348 1385 22.
374 1357 414 1368 -

198 1441 307 1507 Restat
327 1440 413 1505 locus
437 1439 537 1504 adhuc
559 1438 696 1503 noudum
720 1441 795 1505 satis
819 1440 1019 1505 emendatus:

198 1560 285 1639 Vlll,
309 1563 343 1638 6,
366 1561 407 1622 64
431 1558 515 1636 „Nec
538 1558 622 1622 aliud
645 1563 747 1637 potest
769 1576 943 1623 sermonem
968 1559 1067 1623 iacere
1089 1577 1241 1625 numero-

113 1698 180 1743 sum
207 1697 298 1761 quam
323 1683 476 1758 oportuna
499 1675 616 1740 ordinis
641 1652 837 1755 permutatio,
860 1695 959 1758 neque
982 1677 1042 1741 alio
1065 1676 1144 1742 ceris
1165 1678 1240 1743 Pla·

112 1798 197 1862 tonis
219 1798 343 1861 inventa
367 1799 440 1860 sunt
462 1800 609 1874 quattuor
625 1792 680 1856 illa
701 1793 805 1870 uerba,
829 1794 941 1874 quibus
959 1796 989 1858 iu
1013 1794 1068 1860 illo
1091 1794 1239 1876 pulcher·
1270 1870 1273 1876 ‚

110 1913 190 1979 rimo
221 1932 350 1994 operum
374 1911 407 1977 in
431 1912 574 1976 Piraeum
605 1929 639 1974 se
667 1910 868 1976 descendisse
895 1909 1060 1990 significat,
1089 1912 1238 1992 plurimis

112 2032 212 2097 modis
235 2031 364 2111 scripta,
390 2050 424 2091 ÷
450 2029 533 2112 quod
558 2049 627 2093 eum
649 2047 771 2110 quoque
800 2031 932 2093 maxime
954 2032 1053 2094 iacere
1077 2032 1237 2112 experire·

110 2152 191 2217 tur.“
236 2150 272 2214 lu
295 2147 454 2213 codicibus
477 2148 552 2211 haec
570 2147 687 2227 scripta
706 2152 787 2226 sunt,
810 2147 869 2210 nisi
882 2148 963 2229 quod
986 2149 1139 2228 praebent
1161 2150 1237 2216 AG:

110 2266 277 2347 „facerem
312 2286 344 2330 a:
374 2265 508 2345 „faceret
536 2269 597 2330 ot“.
645 2264 742 2344 Vulgo
772 2283 808 2329 ex
841 2265 1017 2330 coniectura
1045 2265 1132 2348 Regii
1162 2274 1238 2333 ante

111 2369 231 2467 „quod“
258 2384 409 2449 inseritur
431 2385 572 2465 „qua1u“.
612 2383 759 2447 'Halmius
781 2383 813 2446 in
843 2382 1043 2448 adnotatione
1071 2387 1237 2464 proponit:
1267 2404 1270 2409 ·

110 2523 199 2583 „eum
235 2520 397 2567 numerum
432 2519 539 2567 eorum
572 2520 663 2582 quam
706 2501 838 2565 maxime
870 2502 972 2566 lactere
1011 2502 1238 2582 experiretur.“

110 2622 195 2686 Haec
217 2628 320 2686 autem
344 2620 520 2684 coniectura
543 2618 618 2681 mihi
637 2619 762 2699 quidem
782 2638 889 2699 parum
914 2620 1089 2700 probabilis
1111 2621 1240 2687 videtur
1292 2690 1295 2697 ,

111 2741 240 2820 etipse,
263 2739 290 2804 si
312 2738 405 2803 liceat
427 2738 555 2800 verbum
581 2736 679 2814 „alio“
702 2755 771 2801 curn
794 2736 919 2803 Halmio
943 2737 1057 2802 reterre
1080 2738 1118 2800 ad
1143 2758 1236 2818 prae-

110 2858 267 2934 cedentia,
296 2856 374 2921 nihil
401 2856 461 2921 nisi
485 2855 606 2935 „quod‘
628 2856 659 2919 in
688 2838 794 2932 „cum“
824 2861 961 2936 mutans,
989 2856 1110 2921 malim:
1145 2875 1236 2936 „oum

112 2995 183 3040 eum
206 2993 328 3058 quoque
352 2975 482 3039 ruaxime
500 2972 600 3038 facere
619 2973 841 3054 experiretur.“
885 2972 957 3053 Sed,
974 2993 1043 3039 curn
1061 2975 1236 3042 enuntiatio

110 3113 173 3160 non
195 3092 323 3158 finiatur
344 3094 448 3158 ve'rbis
473 3092 635 3173 „plurimis
660 3092 759 3157 modis
782 3092 925 3173 seripta“,
948 3100 1177 3173 exspectamus,
1200 3103 1238 3162 ut

109 3218 257 3295 sequatur
279 3211 404 3293 aliquid,
426 3211 509 3292 quod
528 3211 586 3290 ad„
604 3210 685 3275 alio“
709 3217 837 3290 spectet.
883 3210 991 3292 ltaque
1014 3211 1236 3280 concinnitatis

109 3332 189 3397 ratio
213 3329 378 3410 (enuntiati
397 3329 479 3392 enim
496 3329 584 3392 initio
604 3327 734 3408 legimus
754 3346 829 3406 „nec
847 3329 1100 3412 aliud-quam‘j
1124 3347 1181 3395 nos
1202 3332 1238 3396 in

109 3448 285 3529 opinionem
309 3446 450 3525 adducit,
478 3451 513 3510 ut
533 3445 585 3510 hic
613 3463 735 3527 quoque
758 3449 888 3528 ,‚quam“
912 3452 983 3512 aute
1006 3447 1125 3529 „quod‘
1148 3449 1238 3513 inse-

109 3566 240 3631 rendum
259 3583 328 3630 esse
350 3570 505 3644 putemus.
551 3561 610 3638 Qui
633 3562 796 3629 lectionem
820 3565 991 3645 vulgatam:
1015 3583 1133 3654 „neque
1155 3565 1238 3631 alio-

109 3703 201 3767 quam
224 3683 326 3765 quod‘
349 3681 484 3763 probant
511 3681 615 3745 locum
639 3682 683 3746 sic
712 3682 882 3762 explicant:
909 3682 1037 3766 „Neque
1068 3683 1108 3749 ad
1137 3685 1238 3752 alium

108 3799 202 3866 finem
226 3801 314 3866 Plato
342 3801 373 3862 in
402 3800 481 3865 ceris
514 3799 674 3880 inscripsit
708 3805 857 3882 quattuor
878 3801 933 3867 illa
959 3801 1055 3867 uerba
1089 3800 1237 3883 plurimis

110 3917 226 3996 modis,
253 3935 347 4000 quam
368 3916 451 3999 quod
485 3918 680 3999 experiretur
709 3935 873 3983 numerum
903 3937 1028 4002 quoque
1055 3920 1239 4002 verborum,

108 4054 172 4103 non
201 4036 303 4102 solum
332 4032 489 4100 delectum
517 4033 653 4104 manime
679 4036 837 4118 pertinere
859 4024 899 4102 ad
927 4036 1076 4103 orationis
1106 4033 1237 4118 elegan-
