2610 4396
83 168 128 245 24

84 339 117 405 in
144 336 353 423 profluentem
373 357 436 405 uon
463 339 602 421 potuerit
624 339 775 422 extingui,
799 342 881 423 quod
904 343 1008 408 omnia
1031 344 1075 411 sic
1098 347 1214 428 egerit,

85 460 140 536 αι’*
245 494 288 506 -

172 578 205 659 b)
249 576 315 643 lam
345 576 556 660 pertractandi
578 585 652 644 sunt
673 579 749 660 loci,
775 580 830 646 ubi
855 583 975 664 ,quod“
1012 584 1148 650 retertur
1175 586 1214 652 ad

87 696 270 764 correlativa
292 702 368 783 post
393 696 640 779 praepositiones
666 700 782 779 posita,
811 701 925 767 deinde
948 720 1036 782 agam
1050 723 1052 726 ’
1065 702 1106 767 de
1135 705 1216 784 ,nisi

86 817 188 899 quod“
213 821 353 898 ,tantum
376 816 479 899 quod¹‘
504 822 651 898 „excepto
673 819 789 900 quod“.

90 976 93 981 ι
171 935 204 1019 u]
250 933 466 1016 ,Quodtpost
488 933 673 1002 correlative
690 938 1011 1019 alpraepositiouibus
1033 940 1215 1021 pendentia,

172 1054 380 1120 Inueniuntur
401 1058 520 1119 autem:

172 1170 334 1253 „(lirca“t
359 1171 402 1252 lll,
426 1171 455 1250 3,
481 1175 520 1238 10
541 1173 621 1253 „Est
638 1179 670 1240 et
686 1174 766 1240 circa
788 1175 847 1240 hoc
869 1176 1022 1256 quaestio,
1043 1178 1129 1257 quod
1151 1197 1217 1244 me-

87 1266 228 1359 monam
242 1291 275 1356 in
297 1290 407 1356 ordine
428 1293 564 1375 partium
586 1292 711 1375 quidam
740 1293 927 1374 inventioni,
954 1295 1081 1377 quidam
1106 1295 1215 1378 dispo-

87 1409 194 1478 sitioni
215 1410 462 1477 subiunxerunt“
477 1461 485 1477 .
499 1460 527 1476 ..

60 1577 63 1584 .
173 1530 270 1595 Porro
293 1531 325 1610 ll,
351 1532 400 1610 15,
425 1535 451 1596 l.

174 1646 317 1730 „Gum“:
340 1649 372 1729 ll,
394 1651 424 1727 4,
448 1650 489 1713 30
512 1666 644 1728 „—cum
669 1667 705 1716 ιο
728 1649 863 1732 quidem,
886 1649 970 1731 quod
986 1652 1036 1716 uix
1060 1652 1144 1720 ullus
1169 1661 1221 1723 est

88 1770 153 1832 tam
186 1768 357 1834 communis
390 1768 490 1846 locus,
526 1768 580 1848 qui
607 1768 707 1848 possit
736 1769 902 1832 cohaerere
932 1787 1001 1834 cum
1030 1788 1126 1837 causa
1155 1773 1221 1840 uisi

89 1886 192 1968 aliquo
215 1887 362 1970 propriae
383 1887 575 1970 quaestionis
597 1887 720 1952 vinculo
742 1887 947 1968 copulatus“.
1045 1972 1047 1977 Ι

174 2004 236 2088 llll,
261 2006 309 2088 10,
331 2007 371 2070 47
395 2005 476 2086 „Sed
498 2023 548 2071 me
570 2006 720 2072 hactenus
742 2004 903 2072 cedentem
920 2025 1012 2072 nemo
1030 2008 1220 2090 insequatur

89 2123 186 2190 ulma:
208 2123 249 2190 do
272 2123 421 2206 tempori,
443 2143 484 2190 ne
504 2123 587 2190 hirto
608 2130 681 2206 toga
703 2125 753 2204 sit,
775 2143 837 2191 non
859 2133 895 2190 ut
916 2127 1025 2205 serica,
1048 2145 1088 2191 ne
1112 2128 1220 2195 inton-

88 2261 158 2310 sum
181 2249 283 2327 caput.
304 2263 368 2312 non
391 2243 480 2309 utin
503 2242 619 2328 gradum
642 2248 736 2325 atque
759 2244 869 2311 anulos
894 2255 1061 2327 comptum,
1084 2264 1156 2312 cum
1181 2267 1221 2313 eo

87 2364 180 2446 quod,
200 2364 227 2430 si
248 2382 312 2430 non
335 2363 374 2429 ad
397 2362 552 2429 luxuriam
574 2380 610 2428 ac
628 2363 790 2429 libidinem
810 2363 939 2444 referas,
962 2353 1071 2428 eadem
1095 2366 1221 2446 specio·

88 2482 174 2578 ciera
195 2500 318 2566 quoque
341 2481 406 2550 sint
427 2500 507 2565 quae
529 2482 739 2549 honestiores

131 2677 133 2680 ,
174 2602 316 2668 Tertium
343 2602 459 2683 locum,
493 2601 547 2666 ubi
578 2620 668 2683 „cum
697 2620 735 2669 ιο
758 2601 861 2683 quod“
889 2603 1021 2685 legitur,
1055 2603 1122 2667 sine
1154 2603 1222 2668 ulla

88 2720 285 2788 dubitatione
306 2710 452 2806 ponimns
475 2722 602 2805 hunc1),
626 2721 666 2787 de
693 2738 754 2804 quo
783 2721 875 2802 paulo
907 2722 1083 2787 accuratius
1112 2721 1220 2788 disse·

88 2840 220 2907 rendum
248 2846 303 2908 est
347 2840 390 2924 X,
419 2843 451 2921 7,
483 2841 521 2905 13
550 2841 695 2908 Halmius
726 2842 771 2908 sic
798 2840 911 2906 edidit:
940 2839 1038 2920 „Nam
1068 2841 1146 2905 mihi
1176 2859 1222 2906 ne

89 2961 194 3029 dicere
216 2960 341 3043 quidem
363 2960 489 3037 videtur
509 2961 571 3028 nisi
588 2961 643 3042 qui
660 2960 822 3043 disposite,
845 2966 962 3040 ornate,
985 2959 1109 3040 copiose
1132 2960 1221 3038 dicit,

90 3080 146 3148 sed
180 3079 373 3147 tumultuari.
422 3079 488 3146 Nec
526 3080 648 3146 fortuiti
682 3080 835 3146 sermonis
868 3084 1044 3145 contextum
1078 3078 1223 3145 mirabor

90 3218 236 3283 unquam,
258 3216 351 3282 quem
372 3199 571 3281 iurgantibus
584 3201 676 3265 etiam
692 3199 883 3265 mulierculis
901 3195 1095 3280 superfluere
1113 3196 1220 3264 video:

89 3318 202 3403 quodsi
223 3318 308 3385 calor
330 3335 366 3385 ae
395 3316 523 3401 spiritus
546 3318 626 3398 tulit,
648 3318 828 3399 frequenter
849 3316 964 3383 accidit
986 3322 1023 3383 ut
1039 3334 1221 3382 successum

91 3437 334 3520 extemporalem
367 3435 515 3520 consequi
547 3454 622 3502 cura
648 3454 716 3503 non
750 3436 880 3518 possit“.
925 3435 988 3502 Sed
1019 3434 1108 3500 codd.
1136 3435 1163 3498 B
1187 3434 1222 3500 M

90 3557 260 3645 prqebent:
283 3553 475 3638 superfluere
497 3573 565 3621 cum
589 3574 626 3620 ιο
650 3554 750 3637 quod3
773 3553 811 3620 b:
841 3555 1006 3621 videantur
1027 3552 1222 3636 superfluere

91 3692 162 3742 eum
185 3695 221 3743 eo
250 3675 353 3758 quod3
386 3673 541 3741 editiones
568 3691 692 3740 omnes:
725 3672 918 3756 superfluere
951 3673 1058 3755 video,
1085 3690 1155 3747 cum
1185 3691 1223 3741 ιο

91 3793 386 3878 quod‚ai....-

163 3963 184 4032 ¹)
201 3963 358 4032 Draegorus
375 3961 412 4030 11,
428 3977 455 4030 p.
473 3963 522 4016 221
534 3960 646 4021 duoilla
659 3965 762 4017 mutum
777 3960 856 4018 affert
872 3959 1004 4031 exempla,
1013 3957 1116 4014 Halmii
1133 3973 1225 4016 emcn-

94 4047 230 4106 dationcm
247 4047 302 4105 loci
319 4044 354 4118 X,
372 4049 399 4118 ⁷,
418 4048 450 4102 13
468 4047 657 4116 comprobans.
