2610 4396
1172 180 1226 250 2Ιῖ

87 349 155 413 tum
179 342 264 431 qnod
286 362 348 414 non
377 343 601 432 cognoscendis
623 346 719 416 rebus
748 345 956 435 adquieverit,
983 352 1067 416 idem
1089 353 1122 417 in
1145 353 1213 418 edi-

86 452 173 533 tione
206 487 278 533 sua:
314 473 496 551 tantumque
531 487 592 535 non
622 471 753 550 cognitis
775 470 828 535 ille
855 470 951 536 rebus
982 470 1147 555 adpulerit.
1173 505 1210 518 -·

88 585 169 649 Mihi
192 592 293 650 toturn
313 587 538 652 sententiarum
555 593 732 653 contextum
750 588 972 667 contemplanti
989 587 1122 654 maxime
1138 607 1213 670 prn-

86 703 181 767 betur
202 702 302 781 lectio,
326 721 419 784 quam
442 705 541 769 edidit
562 704 717 782 Halmius,
740 707 800 770 etsi
816 724 855 769 ne
878 724 946 771 eam
968 706 1094 787 quidem
1116 725 1213 787 genu-

85 808 169 885 inam
206 840 275 886 esse
304 821 379 886 mihi
412 840 593 902 persuasum
621 829 678 888 est.
722 823 792 887 Non
827 823 926 889 dicem
953 823 993 888 de
1023 841 1094 889 raro
1127 824 1212 889 illius

52 952 58 961 ·
88 945 231 1020 „tanturn
250 940 352 1022 quod“
379 941 514 1021 (=„nisi
527 941 643 1024 quod“)
666 942 747 1023 apud
766 941 933 1022 scriptores
951 960 1019 1022 usn,
1042 959 1113 1007 nam
1130 915 1211 1022 apud

86 1057 268 1123 Ciceronem
292 1058 389 1123 semel
413 1059 582 1123 invenitur:
605 1059 637 1123 in
662 1059 750 1124 Verr.
773 1059 814 1138 ΙΙ,
841 1061 906 1143 l,§
933 1063 1005 1124 116:
1031 1061 1212 1141 „componit

85 1176 222 1242 edictum
246 1177 286 1242 iis
309 1176 430 1256 uerbis,
452 1184 488 1241 ut
509 1177 609 1258 quivis
637 1177 816 1258 intellegere
842 1178 941 1259 possit
962 1177 1211 1244 unius-hominis

87 1314 182 1361 causa
210 1266 416 1375 conscriptum
440 1313 522 1372 esse,
551 1301 671 1359 tantum
699 1295 782 1376 quod
810 1296 965 1361 hominem
987 1315 1049 1361 non
1071 1295 1212 1361 nominat

87 1417 183 1495 („nm·
205 1413 279 1478 dass
302 1413 414 1476 erden
438 1413 533 1477 Manu
556 1414 643 1478 nicht
664 1417 804 1493 nennt“).
849 1413 961 1478 Totum
984 1420 1088 1479 autem
1111 1434 1208 1479 enun-

54 1592 57 1599 .
86 1531 215 1609 tiatum,
243 1551 352 1595 novam
388 1533 574 1597 senteutiam
598 1532 812 1608 introducens,
843 1549 901 1612 per
936 1538 1075 1613 „tantum
1106 1534 1208 1615 quod“

86 1650 172 1715 haud
193 1651 238 1714 ita
261 1651 341 1715 bene
363 1668 513 1714 conexum
537 1668 608 1716 esse
629 1668 698 1712 cum
724 1650 772 1728 iis,
796 1668 875 1731 quae
896 1651 1094 1731 praecedunt,
1116 1671 1208 1735 appe-

84 1777 143 1833 ret
187 1768 256 1833 Hoc
283 1787 406 1849 quoque
429 1769 662 1835 concedendum
685 1779 734 1833 est
758 1772 858 1850 „uon“
882 1771 1078 1850 negationem
1101 1790 1210 1852 parum

86 1893 158 1968 apte
192 1905 261 1952 esse
296 1886 486 1966 collocatum,
515 1906 594 1969 quae
632 1894 704 1952 ante
736 1889 865 1953 verbum
891 1890 1115 1971 „aequieverit“
1151 1909 1208 1970 po-

84 2007 149 2071 tius
182 2004 328 2086 ponenda
356 2005 422 2069 luit.
466 2005 575 2086 ltaque
598 2025 728 2086 prorsus
755 2015 872 2071 certum
896 2008 972 2072 mihi
999 2009 1209 2086 nonvidetur,

85 2122 319 2200 aQuiutiliano
346 2129 485 2201 ,tantum
506 2124 607 2204 quod“
633 2135 816 2204 usurpatum
840 2142 923 2199 esse,
947 2126 1001 2190 sed
1029 2145 1108 2205 eum,
1130 2144 1208 2207 quo·

86 2243 183 2308 modo
206 2239 312 2307 sanari
335 2242 436 2320 possit
457 2241 545 2306 locus
567 2243 703 2324 graviter
725 2251 900 2324 corruptus
922 2243 1024 2308 adhue
1041 2262 1103 2307 nou
1125 2236 1211 2309 inne·

84 2362 196 2440 nerim,
219 2360 338 2426 Halmii
360 2361 607 2426 emendationem
630 2361 719 2442 sequi
740 2363 891 2442 optimum
915 2380 984 2427 esse
1008 2361 1095 2428 duco.

174 2480 359 2562 „Excepto
394 2482 508 2564 quod“
545 2481 642 2546 semel
675 2482 707 2545 in
742 2480 925 2557 Quintiliani
958 2480 1047 2548 libris
1080 2481 1210 2563 legitur:

82 2599 142 2679 IX,
178 2599 214 2678 4,
248 2600 288 2662 79
323 2599 493 2681 „Equidem
528 2597 710 2664 Ciceronem
748 2618 859 2682 sequar
892 2601 976 2682 (nam
1009 2601 1037 2666 is
1070 2601 1210 2666 eminen-

87 2717 226 2783 tissimos
251 2717 440 2783 Graecorum
464 2723 513 2782 est
536 2720 689 2798 secutus),
716 2727 842 2799 excepto
865 2721 949 2800 quod
971 2737 1026 2800 pes
1054 2719 1210 2785 mihitris

87 2835 224 2918 syllabas
246 2855 308 2900 non
323 2836 447 2900 videtur
468 2836 626 2916 excedere,
649 2854 834 2918 quamquam
848 2838 900 2901 ille
918 2855 1035 2918 paeane
1050 2838 1211 2904 dochmia-

85 2971 155 3036 qne,
178 2972 310 3034 quorum
335 2953 420 3034 prior
438 2953 470 3017 in
492 2959 652 3035 quattuor,
671 2956 827 3022 secundus
851 2957 884 3021 iu
909 2957 1045 3038 quinque
1067 2958 1211 3038 excurrit,
1276 2968 1282 2987 ·

84 3074 218 3138 utatur.“
243 3108 285 3118 -

173 3193 200 3271 c)
253 3189 381 3270 ,Quod“
406 3199 479 3274 post
502 3192 611 3257 verba:
637 3193 807 3272 ,accedit“‚
832 3193 963 3274 „addo“,
988 3194 1136 3275 ,adicio“.

175 3308 362 3390 „Accedit
383 3311 504 3390 quod“
529 3320 639 3391 quater
660 3312 830 3378 invenitur:
857 3312 899 3393 11,
925 3314 979 3393 12,
1001 3315 1020 3378 6
1043 3313 1101 3378 His
1123 3329 1209 3378 ucce-

87 3428 142 3508 dit,
165 3429 248 3510 qnod
271 3447 289 3491 a
312 3446 384 3492 cura
407 3428 537 3493 docendi
560 3431 643 3509 quod
665 3431 855 3506 intenderint
876 3431 1053 3496 recedunt.“

175 3545 891 3629 Qauffffldwfflffldw—

177 3665 305 3744 ,Addo
332 3666 451 3746 quod“
481 3666 638 3732 invenitur
659 3667 789 3747 septies:
815 3665 844 3745 1,
867 3667 902 3746 2,
930 3667 968 3730 21
996 3666 1105 3748 „Adde
1126 3667 1209 3751 quod

52 3855 55 3858 Α
89 3782 174 3848 domi
197 3799 234 3847 ea
256 3782 324 3848 sola
345 3783 465 3850 discere
485 3791 598 3866 potest,
620 3803 700 3866 quae
711 3784 772 3866 ipsi
794 3787 1031 3868 praecipientur,
1052 3788 1085 3851 in
1104 3786 1209 3852 schola

88 3902 180 3966 etiem
204 3920 283 3983 quae
305 3902 403 3968 aliis.“

172 4019 197 4101 1,
220 4022 250 4102 3,
276 4025 329 4102 rc;
350 4021 440 4104 unta,
466 4024 513 4104 10,
539 4025 586 4102 11,
612 4024 665 4106 ra;
687 4023 756 4106 nn,
782 4024 1017 4104 1,4;rr,aa

1072 4130 1095 4181 δι
1206 4157 1213 4180 0
