2610 4396
87 174 127 256 18
208 256 213 267 ,

84 345 158 420 uino
179 345 279 411 abest.
323 345 377 425 Vt,
399 344 434 427 3,
460 349 497 413 18
519 345 662 429 „Salsum
684 345 716 410 in
740 320 965 411 eonsuetudine
992 359 1048 424 pro
1077 341 1211 427 ridiculo

84 471 205 532 tantum
228 465 408 547 arripimus:
436 471 548 532 natura
569 484 633 532 non
661 466 767 548 utique
794 464 855 530 hon
876 467 938 542 est,
954 480 1155 547 ⁴(quamquam
1180 466 1213 528 at

84 584 216 651 ridicula
238 602 310 650 essa
328 572 475 667 'oporteat
496 568 600 652 salsa'
634 585 712 651 Nam
738 580 769 648 et
791 579 899 647 Cicero
921 599 1023 662 omna,
1044 581 1125 665 quod
1149 581 1213 648 sal-

85 722 152 769 sum
176 704 232 783 sit,
255 704 301 769 ait
321 722 391 770 asse
413 704 603 783 Atticorum,
632 721 695 768 non
717 702 790 786 quia
812 701 875 768 sint
897 700 1029 767 maxime
1051 701 1090 765 ad
1113 700 1213 767 risum

84 790 476 904 composiai“.J.-1x,
506 824 538 900 2,
566 825 603 887 61
635 821 743 900 „Unda
775 821 867 887 etiam
901 818 1025 885 venusti
1062 820 1214 887 transitus

83 938 172 1019 fiunt,
195 936 347 1023 nunquia
370 941 521 1007 transitus
537 941 605 1022 ipse
616 941 658 1006 sit
673 922 838 1006 schema“.
854 989 861 1004 .
876 987 901 1002 ..
944 938 982 1035 ii,
1006 941 1034 1016 ’1,
1061 940 1098 1003 19
1121 955 1209 1019 „era-

86 1059 222 1124 dendum
247 1061 329 1124 enim
351 1059 491 1126 Ciceroni
515 1032 572 1140 est,
596 1077 657 1124 nou
680 1061 753 1144 quia
774 1057 891 1132 uostris
913 1076 1037 1140 quoque
1058 1056 1230 1139 tempori?

85 1180 144 1244 bus
168 1197 232 1243 non
255 1183 286 1243 et
307 1176 439 1243 fecerint
460 1178 586 1260 quidam
615 1179 674 1244 hoe
696 1183 729 1243 et
749 1176 893 1249 iaciant‘,
936 1148 995 1242 His
1023 1176 1105 1242 enim
1133 1176 1215 1242 loeis

84 1297 297 1376 Quintilianus
321 1295 361 1360 da
388 1297 472 1373 iusta
495 1315 591 1369 eausa
619 1303 717 1376 tanat,
751 1295 824 1377 quia
852 1296 912 1363 hoe
939 1296 1040 1383 sotum
1064 1296 1144 1378 agit,
1179 1299 1216 1360 ot

84 1424 200 1493 careat,
224 1435 261 1481 ne
283 1414 363 1482 falsa
384 1434 478 1483 eausa
501 1422 705 1497 supponatur.
730 1454 769 1465 -·

171 1536 229 1602 His
254 1532 354 1602 tribus
376 1534 455 1601 iocis
480 1534 617 1615 exeeptis
639 1553 714 1600 vera
736 1552 831 1600 eausa
852 1534 1035 1617 plerumque
1056 1532 1215 1616 pandata

85 1653 159 1735 „sad
182 1655 282 1737 quia“.
328 1653 432 1718 Semel
451 1653 851 1735 legimus.‚‚verumquia“:
873 1652 923 1731 lv,
944 1658 978 1732 1,·
989 1655 1047 1734 373
1071 1659 1120 1718 tar
1136 1652 1213 1731 „sed

85 1772 202 1854 qu0d“:
236 1773 261 1850 1,
284 1774 313 1851 3,
336 1774 370 1850 83
404 1771 440 1848 11,
468 1771 502 1849 2,
530 1772 565 1846 2;
602 1771 668 1849 Xll,
696 1774 747 1850 10,
777 1772 806 1834 2.
852 1769 955 1836 Unum
979 1770 1057 1837 mihi
1079 1770 1216 1837 occurrit

85 1889 271 1971 exemplum,
292 1890 347 1954 ubi
368 1890 451 1955 iusta
473 1907 567 1956 causa
589 1890 716 1957 additur
737 1908 793 1972 per
815 1890 919 1970 ‚‚sed“‚
941 1897 1091 1972 sequente
1113 1907 1213 1955 anuu-

85 2009 163 2074 tiato
186 2027 244 2090 per
267 2027 300 2074 se
322 2009 440 2090 posito:
461 2007 511 2087 iX,
533 2010 563 2088 43
587 2010 640 2073 20:
665 2008 775 2090 „Quod
799 2028 862 2076 non
885 2028 922 2074 ao
946 2009 1030 2088 dieo,
1054 2010 1211 2092 quianon

85 2126 163 2192 illud
187 2124 310 2210 quoque
333 2127 469 2194 solutum
493 2127 608 2194 habeat
635 2145 710 2193 suos
738 2129 890 2210 quosdam
913 2136 945 2194 at
973 2128 1104 2194 forsitan
1127 2125 1212 2193 diffi-

60 2246 209 2312 ‘eiliores
229 2247 324 2312 etiam
347 2247 458 2327 pedes:
487 2265 588 2329 neque
610 2246 694 2311 enim
716 2253 770 2312 aut
793 2248 882 2319 hiare
904 2266 1028 2327 semper
1049 2247 1210 2313 vocalibus

85 2373 139 2430 aut
161 2366 289 2432 destitui
313 2365 506 2445 temporibus
527 2364 638 2430 volunt
659 2383 761 2430 sermo
784 2370 877 2448 atque
900 2364 1048 2447 epistula,
1071 2356 1125 2430 'sod
1148 2381 1212 2429 non
1242 2448 1248 2459 Ι

86 2483 187 2550 fluunt
209 2501 266 2549 neo
287 2485 458 2549 cohaerent
480 2500 538 2548 nee
559 2483 655 2547 verba
678 2484 783 2549 verbis
811 2486 953 2564 trahunt,
980 2487 1014 2548 ut
1038 2485 1141 2563 potius
1162 2482 1211 2546 la·

85 2604 170 2693 xiora
192 2604 223 2666 in
247 2602 299 2668 his
322 2601 424 2668 uineta
445 2578 537 2683 quarn
565 2599 652 2665 nulla
674 2601 768 2693 sint‘t
807 2602 974 2669 Praeterea
997 2584 1091 2681 ‚‚sed‘²
1114 2601 1212 2683 parti-

62 2721 187 2815 ·eolam
210 2722 307 2787 semel
329 2724 400 2801 „ut‘
424 2719 542 2801 (finale)
560 2720 718 2803 sequitur:
742 2721 784 2801 X,
808 2725 842 2803 7,
865 2726 901 2788 31
929 2723 1027 2802 „Nam
1050 2717 1212 2785 Ciceronis

85 2840 125 2904 ad
157 2858 307 2921 praesens
335 2839 427 2905 modo
461 2846 585 2921 tempus
619 2843 743 2921 aptatos
773 2840 908 2906 libertus
936 2839 1011 2903 Tiro
1041 2836 1236 2902 contraxitz.

84 2979 164 3043 quos
186 2979 249 3025 non
271 2960 342 3025 ideo
364 2978 494 3037 excuso,
524 2960 596 3041 quia
618 2976 682 3024 non
709 2957 854 3040 probam,
885 2957 941 3023 sed
963 2960 999 3021 ut
1020 2956 1083 3022 sint
1111 2955 1213 3037 magis

72 3079 371 3146 .admirabiles.“—
394 3079 497 3157 Semel
520 3077 664 3160 sequitur
685 3079 777 3157 „ne“:
802 3075 846 3156 V,
872 3079 923 3154 10,
951 3077 1008 3141 119
1032 3076 1222 3157 „Haannon

85 3200 199 3265 ideireo
224 3199 303 3278 dieo,
325 3198 410 3280 quod
432 3198 573 3263 inutilem
585 3196 696 3261 horum
712 3194 851 3260 locorum
874 3194 1079 3275 cognitionem
1104 3202 1209 3276 putam

87 3353 139 3411 -,
158 3319 212 3385 sad
236 3336 290 3396 ue,
314 3315 340 3382 si
361 3316 413 3399 qui
436 3314 640 3398 cognoverint
660 3312 737 3389 ista,
760 3312 787 3379 si
810 3319 913 3379 catara
934 3314 1116 3396 restagnat,
1139 3331 1211 3393 per-

85 3436 183 3504 fectos
206 3456 240 3503 sa
262 3437 405 3518 protinus
428 3440 520 3518 atque
541 3438 772 3498 eonsummatos
794 3435 1006 3514 putant“....

172 3555 310 3620 Verbum
339 3552 495 3622 eiusmodi
524 3551 693 3631 enuntiati,
722 3550 805 3632 quod
827 3548 940 3621 'varam
963 3567 1089 3617 oausam
1112 3548 1212 3629 affert,

86 3675 151 3739 fere
174 3674 205 3738 in
228 3673 392 3747 indicativo
415 3671 551 3754 ponitur,
573 3671 788 3754 (quamobrem
810 3669 861 3748 IV,
889 3674 920 3750 1,
943 3673 962 3736 5
984 3686 1107 3757 quoque
1129 3666 1212 3731 indi-

35 3858 43 3869 ,
86 3794 205 3859 codrus
218 3795 329 3872 „sunt“
345 3791 540 3874 supplendus
552 3792 613 3871 est)
633 3794 760 3872 excepta
771 3789 916 3857 videlieet
932 3784 1237 3868 orationeobliqua'

87 3912 204 3993 (itaque
232 3911 255 3990 1,
283 3913 317 3990 6,
345 3911 401 3991 29,
429 3909 657 3981 ooniunatirum
685 3910 764 3990 „or
793 3905 1040 3985 subaudiamus).
1091 3904 1212 3974 Tamen

86 4035 210 4097 exstant
232 4029 300 4110 ioci,
324 4029 378 4095 ubi
394 4029 426 4095 in
444 4029 587 4099 oratioue
610 4033 696 4113 recta
710 4024 940 4100 oonionetimm
957 4022 1105 4106 tegimus,
1125 4039 1214 4104 quos,
