2610 4396
1158 206 1199 285 ii

66 411 139 463 cunr
161 387 188 460 is
211 384 322 461 modus
346 383 464 476 aliquid
488 383 559 457 novi
581 398 614 457 et
636 386 769 459 inauditi
792 391 912 457 habere
934 389 1085 468 uideatur,
1107 408 1198 454 accu-

66 514 168 582 ratius
191 513 374 596 perquirere
395 511 498 577 liceat
542 511 608 577 Sic:
637 511 692 590 IV,
726 516 756 591 l,
786 513 827 575 65
849 509 979 592 „Neque
1000 508 1084 574 enim
1113 508 1197 573 istud

66 633 237 714 scriptores
261 632 385 710 artium,
408 630 480 713 quia
502 619 565 696 n'on
587 629 698 709 liceat,
721 629 774 695 sed
798 631 873 712 quia
895 648 957 694 non
979 634 1090 708 putent
1111 627 1199 707 utile,

67 753 204 818 vetont“.
249 751 345 817 item:
370 748 418 830 Vl,
441 751 469 827 3,
493 747 638 829 483v11,
662 753 690 829 3,
713 751 745 830 93
773 747 822 828 tx,
848 754 874 825 1,
897 749 953 824 233
977 746 1118 824 4,-133;
1147 746 1199 811 Xll

70 878 120 953 ll,
148 875 192 937 16.
218 906 259 916 —
281 868 426 935 Halmius
446 867 592 934 omnibus
620 867 669 933 his
692 867 769 934 locis
792 868 823 932 in
854 864 1055 932 adnotatione
1076 864 1198 930 indica-

66 991 166 1058 tivum
200 988 362 1073 praetulit,
391 987 466 1070 quin
496 986 589 1053 etiam
619 985 686 1060 Vll,
715 987 750 1066 3,
779 990 797 1050 9
827 985 1026 1051 indicativum
1060 985 1144 1064 „est“
1167 984 1198 1048 in

69 1115 189 1174 textum
212 1107 340 1188 recepit,
362 1106 465 1171 nescio
488 1123 550 1187 quo
572 1106 649 1184 iure,
673 1124 744 1171 narn
766 1106 818 1170 hic
834 1103 924 1170 locus
946 1104 1032 1169 nulla
1053 1123 1089 1169 re
1112 1100 1200 1169 a'oe·

68 1226 147 1293 teris
180 1225 293 1292 differt.
339 1223 402 1290 Sed
432 1241 501 1289 mea
531 1223 656 1305 quidem
685 1224 841 1290 sententia
874 1223 1018 1289 eiunctio
1046 1224 1199 1306 quaedam

69 1345 233 1421 modorum
256 1343 424 1412 statuenda
446 1349 503 1438 est,
527 1360 588 1424 qua
610 1340 756 1422 efficitur,
778 1350 814 1407 ut
836 1341 1067 1419 coniunctivus,
1090 1341 1144 1423 qni
1166 1341 1198 1407 iu

69 1465 231 1530 enuntiato
254 1482 273 1529 a
296 1481 377 1544 „nou
404 1462 495 1543 quim‘
528 1462 688 1557 pendente
720 1462 788 1527 iure
815 1461 937 1544 positus
961 1469 1031 1541 est,
1060 1462 1199 1528 inillam

70 1556 194 1669 quoque
223 1582 469 1650 enuntiationem
493 1582 621 1664 irrepat.
666 1580 827 1662 Nusquam
857 1581 932 1646 alibi
955 1581 1038 1646 huuc
1067 1599 1201 1647 usuma

70 1721 122 1769 me
149 1703 348 1769 observatum
370 1720 440 1768 esse
467 1699 557 1767 facile
585 1682 737 1781 concedo,
768 1707 965 1766 tamencum
993 1700 1078 1765 nulio
1108 1700 1200 1766 modo

71 1839 203 1904 prorsus
232 1840 250 1886 e
276 1821 461 1897 Quintiliani
489 1820 580 1887 libris
609 1820 799 1900 eiciendum,
828 1820 882 1885 sed
912 1819 1008 1886 huius
1038 1819 1202 1901 scriptoris

72 1941 234 2023 proprium
257 1941 498 2007 existimandum
522 1958 592 2006 esse
614 1939 751 2005 libenter
774 1939 851 2005 mihi
874 1941 1094 2021 persuaserim.
1141 1937 1200 2003 Ce-

70 2050 172 2127 terum
196 2060 291 2128 simili
315 2061 407 2126 modo
431 2061 660 2155 coniunctiuum
684 2065 757 2140 post
779 2063 1001 2142 „quamquam“
1025 2059 1200 2126 adhibitum

70 2179 214 2247 videmus
237 2178 320 2262 apud
343 2176 534 2257 Ciceronem,
556 2185 593 2245 ut
613 2179 646 2243 in
667 2178 766 2243 Bruto
789 2178 818 2256 2,
841 2179 875 2243 8:
897 2179 960 2258 „ita
980 2178 1201 2260 nosmetipsis

71 2298 193 2376 accidit,
215 2302 261 2378 ut,
281 2316 469 2381 quamquam
487 2301 594 2363 essent
610 2296 709 2363 multo
732 2297 830 2378 magis
850 2297 911 2363 alio
926 2296 1073 2379 lugenda,
1096 2305 1199 2391 tamen¹

72 2416 132 2483 hoc
154 2417 360 2484 doleremus“.
405 2417 467 2484 Hic
488 2433 612 2500 quoqne
633 2433 690 2498 per
711 2416 928 2483 attractionem
950 2417 1106 2498 quandam
1129 2435 1200 2483 oon·

72 2536 227 2603 iunctivus
250 2540 395 2618 „essend‘
418 2536 541 2620 positus
563 2540 627 2613 est;
651 2535 860 2618 Draegerus¹)
883 2538 986 2602 minus
1008 2543 1081 2618 apte
1103 2536 1200 2619 expli-

72 2662 137 2722 cet:
158 2661 265 2735 aptum
288 2674 358 2722 esse
381 2656 464 2720 hune
486 2654 612 2720 modum
634 2672 671 2719 ex
694 2672 732 2722 eo
755 2656 928 2735 enuntiato,
951 2655 1032 2738 qnod
1056 2657 1094 2721 ab
1121 2657 1200 2734 „ut“

71 2773 292 2842 coniunctione
315 2772 458 2856 pendeat

159 3350 355 3435 Quamquam
379 3353 419 3417 de
436 3352 615 3420 causalibus
636 3353 911 3420 coniunctionibus
933 3354 1010 3419 hoec
1031 3351 1200 3434 disputatio

72 3471 150 3537 mihi
173 3477 319 3553 suscepte
341 3479 403 3552 est,
429 3471 589 3538 tamenin
620 3473 742 3555 „quod‘
774 3472 988 3538 coniunctione
1019 3470 1199 3536 universum

70 3591 139 3656 eius
179 3590 407 3658 coniunctionis
439 3609 531 3658 usum
559 3591 636 3657 mihi
668 3591 888 3658 illustrandum
916 3598 1002 3674 puto.
1045 3590 1201 3673 Persaepe

71 3707 155 3775 enirn
178 3710 296 3793 „quod‘
319 3709 364 3775 ito
385 3711 521 3791 ponitur,
542 3716 587 3791 ut
610 3716 715 3775 utrum
738 3710 865 3777 causale
882 3711 925 3778 sit
946 3727 1051 3788 necne,
1074 3711 1201 3776 nonita

70 3827 161 3905 facile
182 3828 348 3895 diiudicari
366 3828 475 3910 possit
518 3828 563 3894 Ac
584 3828 720 3909 primum
740 3828 780 3893 de
796 3829 865 3909 ipsa
887 3829 1114 3910 coniunctione,
1133 3839 1199 3894 tum

71 3945 112 4012 de
136 3946 238 4013 modis
262 3946 290 4012 ei
313 3928 430 4013 additis
453 3966 551 4031 egam.

142 4099 153 4132 ¹
169 4096 241 4154 truc
258 4098 333 4168 synt
351 4096 386 4167 11,
402 4113 430 4168 p.
448 4100 509 4154 738.
