<?xml version="1.0" encoding="UTF-8"?>
<!DOCTYPE html PUBLIC "-//W3C//DTD XHTML 1.0 Transitional//EN"
    "http://www.w3.org/TR/xhtml1/DTD/xhtml1-transitional.dtd">
<html xmlns="http://www.w3.org/1999/xhtml" xml:lang="en" lang="en">
 <head>
  <title>
</title>
<meta http-equiv="Content-Type" content="text/html;charset=utf-8" />
  <meta name='ocr-system' content='tesseract 3.04.00' />
  <meta name='ocr-capabilities' content='ocr_page ocr_carea ocr_par ocr_line ocrx_word'/>
</head>
<body>
  <div class='ocr_page' id='page_1' title='image "./deconiunctionum00gngoog_0022.png"; bbox 0 0 2610 4396; ppageno 0'>
   <div class='ocr_carea' id='block_1_1' title="bbox 1176 148 1217 226">
    <p class='ocr_par' dir='ltr' id='par_1_1' title="bbox 1176 148 1217 226">
     <span class='ocr_line' id='line_1_1' title="bbox 1176 148 1217 226; baseline 0 0"><span class='ocrx_word' id='word_1_1' title='bbox 1176 148 1217 226; x_wconf 78' lang='lat' dir='ltr'><strong>it</strong></span> 
     </span>
    </p>
   </div>
   <div class='ocr_carea' id='block_1_2' title="bbox 53 320 1270 4119">
    <p class='ocr_par' dir='ltr' id='par_1_2' title="bbox 84 320 1241 2315">
     <span class='ocr_line' id='line_1_2' title="bbox 94 320 1217 413; baseline 0.002 -19"><span class='ocrx_word' id='word_1_2' title='bbox 94 333 142 410; x_wconf 88' lang='grc'><strong>10,</strong></span> <span class='ocrx_word' id='word_1_3' title='bbox 164 320 222 393; x_wconf 86' lang='grc'><strong>119</strong></span> <span class='ocrx_word' id='word_1_4' title='bbox 241 327 525 409; x_wconf 84' lang='lat' dir='ltr'><strong>„Hoenonideiree</strong></span> <span class='ocrx_word' id='word_1_5' title='bbox 545 328 623 410; x_wconf 90' lang='lat' dir='ltr'><strong>dico,</strong></span> <span class='ocrx_word' id='word_1_6' title='bbox 640 328 723 413; x_wconf 86' lang='lat' dir='ltr'><strong>quud</strong></span> <span class='ocrx_word' id='word_1_7' title='bbox 741 328 882 396; x_wconf 85' lang='lat' dir='ltr'><strong>inutilem</strong></span> <span class='ocrx_word' id='word_1_8' title='bbox 895 329 1007 394; x_wconf 83' lang='lat' dir='ltr'><strong>horum</strong></span> <span class='ocrx_word' id='word_1_9' title='bbox 1020 330 1167 409; x_wconf 84' lang='lat' dir='ltr'><strong>lucorum,</strong></span> <span class='ocrx_word' id='word_1_10' title='bbox 1180 347 1217 396; x_wconf 89' lang='lat' dir='ltr'><strong>ex</strong></span> 
     </span>
     <span class='ocr_line' id='line_1_3' title="bbox 91 449 1211 545; baseline 0 -31"><span class='ocrx_word' id='word_1_11' title='bbox 91 450 206 531; x_wconf 89' lang='lat' dir='ltr'><strong>quibus</strong></span> <span class='ocrx_word' id='word_1_12' title='bbox 218 454 403 531; x_wconf 80' lang='lat' dir='ltr'><strong>argumenta</strong></span> <span class='ocrx_word' id='word_1_13' title='bbox 420 449 583 528; x_wconf 85' lang='lat' dir='ltr'><strong>ducuntur,</strong></span> <span class='ocrx_word' id='word_1_14' title='bbox 607 449 815 545; x_wconf 83' lang='lat' dir='ltr'><strong>cognitionem</strong></span> <span class='ocrx_word' id='word_1_15' title='bbox 834 456 947 530; x_wconf 88' lang='lat' dir='ltr'><strong>putem,</strong></span> <span class='ocrx_word' id='word_1_16' title='bbox 972 485 1010 496; x_wconf 93' lang='lat'>-</span> <span class='ocrx_word' id='word_1_17' title='bbox 1035 450 1091 516; x_wconf 86' lang='lat' dir='ltr'><strong>sed</strong></span> <span class='ocrx_word' id='word_1_18' title='bbox 1113 467 1154 514; x_wconf 86' lang='lat' dir='ltr'><strong>ne</strong></span> <span class='ocrx_word' id='word_1_19' title='bbox 1176 485 1211 496; x_wconf 91' lang='lat'>-</span> 
     </span>
     <span class='ocr_line' id='line_1_4' title="bbox 84 551 1217 650; baseline 0.002 -18"><span class='ocrx_word' id='word_1_20' title='bbox 84 571 223 650; x_wconf 80' lang='lat' dir='ltr'><strong>putent‘.</strong></span> <span class='ocrx_word' id='word_1_21' title='bbox 248 606 283 615; x_wconf 89' lang='lat'><strong>-·</strong></span> <span class='ocrx_word' id='word_1_22' title='bbox 307 567 423 633; x_wconf 87' lang='lat' dir='ltr'><strong>Novies</strong></span> <span class='ocrx_word' id='word_1_23' title='bbox 441 551 651 646; x_wconf 78' lang='lat' dir='ltr'><strong>Quintilianus</strong></span> <span class='ocrx_word' id='word_1_24' title='bbox 672 568 899 634; x_wconf 75' lang='lat' dir='ltr'><strong>coniunctivum</strong></span> <span class='ocrx_word' id='word_1_25' title='bbox 918 569 1023 649; x_wconf 85' lang='lat' dir='ltr'><strong>posuit</strong></span> <span class='ocrx_word' id='word_1_26' title='bbox 1041 575 1112 649; x_wconf 91' lang='lat' dir='ltr'><strong>post</strong></span> <span class='ocrx_word' id='word_1_27' title='bbox 1135 585 1217 649; x_wconf 87' lang='lat' dir='ltr'><strong>„non</strong></span> 
     </span>
     <span class='ocr_line' id='line_1_5' title="bbox 85 685 1215 770; baseline 0 -18"><span class='ocrx_word' id='word_1_28' title='bbox 85 688 160 769; x_wconf 82' lang='lat' dir='ltr'><strong>quie</strong></span> <span class='ocrx_word' id='word_1_29' title='bbox 182 689 280 759; x_wconf 62' lang='lat' dir='ltr'><strong>nun‘f:</strong></span> <span class='ocrx_word' id='word_1_30' title='bbox 305 685 327 764; x_wconf 84' lang='lat' dir='ltr'><strong>i,</strong></span> <span class='ocrx_word' id='word_1_31' title='bbox 351 689 380 766; x_wconf 85' lang='lat'><strong>6,</strong></span> <span class='ocrx_word' id='word_1_32' title='bbox 407 688 443 752; x_wconf 84' lang='lat'><strong>19</strong></span> <span class='ocrx_word' id='word_1_33' title='bbox 467 685 547 766; x_wconf 85' lang='lat' dir='ltr'><strong>„Sed</strong></span> <span class='ocrx_word' id='word_1_34' title='bbox 565 687 727 769; x_wconf 82' lang='lat' dir='ltr'><strong>Augustus</strong></span> <span class='ocrx_word' id='word_1_35' title='bbox 750 703 873 770; x_wconf 86' lang='lat' dir='ltr'><strong>quoque</strong></span> <span class='ocrx_word' id='word_1_36' title='bbox 896 689 927 751; x_wconf 92' lang='lat' dir='ltr'><strong>in</strong></span> <span class='ocrx_word' id='word_1_37' title='bbox 951 687 1094 769; x_wconf 75' lang='lat' dir='ltr'><strong>epistulis</strong></span> <span class='ocrx_word' id='word_1_38' title='bbox 1118 687 1158 752; x_wconf 83' lang='lat' dir='ltr'><strong>ad</strong></span> <span class='ocrx_word' id='word_1_39' title='bbox 1181 686 1215 752; x_wconf 84' lang='lat'><strong>0.</strong></span> 
     </span>
     <span class='ocr_line' id='line_1_6' title="bbox 87 805 1217 888; baseline 0.001 -17"><span class='ocrx_word' id='word_1_40' title='bbox 87 805 252 871; x_wconf 80' lang='lat' dir='ltr'><strong>Gaesarem</strong></span> <span class='ocrx_word' id='word_1_41' title='bbox 279 807 404 886; x_wconf 86' lang='lat' dir='ltr'><strong>scriptis</strong></span> <span class='ocrx_word' id='word_1_42' title='bbox 432 805 591 884; x_wconf 83' lang='lat' dir='ltr'><strong>emendat,</strong></span> <span class='ocrx_word' id='word_1_43' title='bbox 623 805 709 888; x_wconf 72' lang='lat' dir='ltr'><strong>quod</strong></span> <span class='ocrx_word' id='word_1_44' title='bbox 734 807 760 872; x_wconf 91' lang='lat' dir='ltr'><strong>is</strong></span> <span class='ocrx_word' id='word_1_45' title='bbox 789 807 962 886; x_wconf 84' lang='lat' dir='ltr'><strong>„uslidum“</strong></span> <span class='ocrx_word' id='word_1_46' title='bbox 994 807 1098 873; x_wconf 85' lang='lat' dir='ltr'><strong>dicere</strong></span> <span class='ocrx_word' id='word_1_47' title='bbox 1125 825 1217 888; x_wconf 86' lang='lat' dir='ltr'><strong>quum</strong></span> 
     </span>
     <span class='ocr_line' id='line_1_7' title="bbox 87 904 1218 1017; baseline -0.001 -27"><span class='ocrx_word' id='word_1_48' title='bbox 87 925 249 1005; x_wconf 85' lang='lat' dir='ltr'><strong>„caidum“</strong></span> <span class='ocrx_word' id='word_1_49' title='bbox 275 925 376 1005; x_wconf 82' lang='lat' dir='ltr'><strong>malit,</strong></span> <span class='ocrx_word' id='word_1_50' title='bbox 405 942 469 990; x_wconf 92' lang='lat' dir='ltr'><strong>nou</strong></span> <span class='ocrx_word' id='word_1_51' title='bbox 498 925 571 1006; x_wconf 86' lang='lat' dir='ltr'><strong>quia</strong></span> <span class='ocrx_word' id='word_1_52' title='bbox 600 924 632 988; x_wconf 91' lang='lat' dir='ltr'><strong>id</strong></span> <span class='ocrx_word' id='word_1_53' title='bbox 662 944 724 991; x_wconf 89' lang='lat' dir='ltr'><strong>uon</strong></span> <span class='ocrx_word' id='word_1_54' title='bbox 743 925 795 1017; x_wconf 58' lang='lat' dir='ltr'><strong>⁸sit</strong></span> <span class='ocrx_word' id='word_1_55' title='bbox 821 924 968 1003; x_wconf 81' lang='lat' dir='ltr'><strong>latinum,</strong></span> <span class='ocrx_word' id='word_1_56' title='bbox 994 904 1052 991; x_wconf 72' lang='lat' dir='ltr'><strong>¹seui</strong></span> <span class='ocrx_word' id='word_1_57' title='bbox 1076 925 1148 1007; x_wconf 81' lang='lat' dir='ltr'><strong>quie</strong></span> <span class='ocrx_word' id='word_1_58' title='bbox 1176 925 1218 990; x_wconf 88' lang='lat' dir='ltr'><strong>sit</strong></span> 
     </span>
     <span class='ocr_line' id='line_1_8' title="bbox 87 1042 1217 1124; baseline -0.004 -14"><span class='ocrx_word' id='word_1_59' title='bbox 87 1045 324 1110; x_wconf 83' lang='lat' dir='ltr'><strong>otiosum“....</strong></span> <span class='ocrx_word' id='word_1_60' title='bbox 349 1079 389 1089; x_wconf 92' lang='lat'><em>-</em></span> <span class='ocrx_word' id='word_1_61' title='bbox 414 1043 528 1107; x_wconf 84' lang='lat' dir='ltr'><strong>Porro:</strong></span> <span class='ocrx_word' id='word_1_62' title='bbox 561 1042 606 1122; x_wconf 89' lang='lat'><strong>11,</strong></span> <span class='ocrx_word' id='word_1_63' title='bbox 629 1044 657 1122; x_wconf 82' lang='lat'><strong>2,</strong></span> <span class='ocrx_word' id='word_1_64' title='bbox 681 1046 717 1122; x_wconf 78' lang='lat'><strong>23</strong></span> <span class='ocrx_word' id='word_1_65' title='bbox 745 1044 797 1123; x_wconf 89' lang='lat' dir='ltr'><strong>IV,</strong></span> <span class='ocrx_word' id='word_1_66' title='bbox 828 1048 911 1124; x_wconf 81' lang='lat'><strong>1,5;</strong></span> <span class='ocrx_word' id='word_1_67' title='bbox 944 1051 976 1124; x_wconf 91' lang='lat'><strong>1,</strong></span> <span class='ocrx_word' id='word_1_68' title='bbox 1001 1048 1057 1116; x_wconf 72' lang='lat'><strong>653</strong></span> <span class='ocrx_word' id='word_1_69' title='bbox 1086 1044 1165 1123; x_wconf 84' lang='lat' dir='ltr'><strong>Vlli,</strong></span> <span class='ocrx_word' id='word_1_70' title='bbox 1188 1044 1217 1122; x_wconf 90' lang='lat'><strong>3,</strong></span> 
     </span>
     <span class='ocr_line' id='line_1_9' title="bbox 87 1160 1218 1245; baseline -0.001 -18"><span class='ocrx_word' id='word_1_71' title='bbox 87 1165 146 1240; x_wconf 73' lang='lat'><strong>42;</strong></span> <span class='ocrx_word' id='word_1_72' title='bbox 176 1163 225 1240; x_wconf 83' lang='lat' dir='ltr'><strong>ix,</strong></span> <span class='ocrx_word' id='word_1_73' title='bbox 252 1168 277 1240; x_wconf 88' lang='grc'><strong>1,</strong></span> <span class='ocrx_word' id='word_1_74' title='bbox 300 1163 356 1238; x_wconf 75' lang='lat'><strong>233</strong></span> <span class='ocrx_word' id='word_1_75' title='bbox 384 1163 414 1240; x_wconf 88' lang='grc'><strong>4,</strong></span> <span class='ocrx_word' id='word_1_76' title='bbox 436 1161 493 1238; x_wconf 77' lang='lat'><strong>203</strong></span> <span class='ocrx_word' id='word_1_77' title='bbox 522 1160 612 1242; x_wconf 83' lang='lat' dir='ltr'><strong>X,·7;</strong></span> <span class='ocrx_word' id='word_1_78' title='bbox 641 1165 692 1238; x_wconf 84' lang='lat' dir='ltr'><strong>l9;</strong></span> <span class='ocrx_word' id='word_1_79' title='bbox 724 1166 752 1240; x_wconf 81' lang='lat'><strong>7,</strong></span> <span class='ocrx_word' id='word_1_80' title='bbox 776 1165 826 1227; x_wconf 88' lang='grc'><strong>31.</strong></span> <span class='ocrx_word' id='word_1_81' title='bbox 851 1200 889 1212; x_wconf 90' lang='lat'><em>-</em></span> <span class='ocrx_word' id='word_1_82' title='bbox 911 1161 1014 1228; x_wconf 87' lang='lat' dir='ltr'><strong>Semel</strong></span> <span class='ocrx_word' id='word_1_83' title='bbox 1042 1167 1116 1245; x_wconf 87' lang='lat' dir='ltr'><strong>post</strong></span> <span class='ocrx_word' id='word_1_84' title='bbox 1138 1180 1218 1243; x_wconf 89' lang='lat' dir='ltr'><strong>„non</strong></span> 
     </span>
     <span class='ocr_line' id='line_1_10' title="bbox 86 1278 1217 1364; baseline 0.001 -19"><span class='ocrx_word' id='word_1_85' title='bbox 86 1282 254 1364; x_wconf 87' lang='lat' dir='ltr'><strong>quiun0n“</strong></span> <span class='ocrx_word' id='word_1_86' title='bbox 277 1280 494 1355; x_wconf 80' lang='lat' dir='ltr'><strong>coniunctivus</strong></span> <span class='ocrx_word' id='word_1_87' title='bbox 513 1279 709 1361; x_wconf 85' lang='lat' dir='ltr'><strong>supplendus</strong></span> <span class='ocrx_word' id='word_1_88' title='bbox 722 1286 785 1345; x_wconf 90' lang='lat' dir='ltr'><strong>est:</strong></span> <span class='ocrx_word' id='word_1_89' title='bbox 805 1281 852 1359; x_wconf 90' lang='lat' dir='ltr'><strong>Xl,</strong></span> <span class='ocrx_word' id='word_1_90' title='bbox 866 1288 894 1359; x_wconf 88' lang='grc'><strong>1,</strong></span> <span class='ocrx_word' id='word_1_91' title='bbox 913 1285 949 1346; x_wconf 86' lang='grc'><strong>61</strong></span> <span class='ocrx_word' id='word_1_92' title='bbox 979 1278 1080 1361; x_wconf 79' lang='lat' dir='ltr'><strong>,Quid</strong></span> <span class='ocrx_word' id='word_1_93' title='bbox 1100 1281 1217 1363; x_wconf 84' lang='lat' dir='ltr'><strong>asperi-</strong></span> 
     </span>
     <span class='ocr_line' id='line_1_11' title="bbox 90 1397 1218 1491; baseline 0.001 -28"><span class='ocrx_word' id='word_1_94' title='bbox 90 1418 175 1464; x_wconf 82' lang='lat' dir='ltr'><strong>orein</strong></span> <span class='ocrx_word' id='word_1_95' title='bbox 199 1400 314 1464; x_wconf 83' lang='lat' dir='ltr'><strong>habere</strong></span> <span class='ocrx_word' id='word_1_96' title='bbox 336 1397 468 1463; x_wconf 84' lang='lat' dir='ltr'><strong>frontem</strong></span> <span class='ocrx_word' id='word_1_97' title='bbox 493 1403 596 1478; x_wconf 90' lang='lat' dir='ltr'><strong>potest</strong></span> <span class='ocrx_word' id='word_1_98' title='bbox 623 1406 677 1464; x_wconf 80' lang='lat' dir='ltr'><strong>tut</strong></span> <span class='ocrx_word' id='word_1_99' title='bbox 703 1400 777 1482; x_wconf 90' lang='lat' dir='ltr'><strong>quid</strong></span> <span class='ocrx_word' id='word_1_100' title='bbox 805 1419 896 1465; x_wconf 82' lang='lat' dir='ltr'><strong>aures</strong></span> <span class='ocrx_word' id='word_1_101' title='bbox 925 1401 1085 1491; x_wconf 82' lang='lat' dir='ltr'><strong>hominum</strong></span> <span class='ocrx_word' id='word_1_102' title='bbox 1116 1399 1218 1483; x_wconf 80' lang='lat' dir='ltr'><strong>magis</strong></span> 
     </span>
     <span class='ocr_line' id='line_1_12' title="bbox 89 1504 1218 1601; baseline -0.003 -16"><span class='ocrx_word' id='word_1_103' title='bbox 89 1523 252 1599; x_wconf 82' lang='lat' dir='ltr'><strong>respuunt,</strong></span> <span class='ocrx_word' id='word_1_104' title='bbox 275 1531 368 1601; x_wconf 85' lang='lat' dir='ltr'><strong>quum</strong></span> <span class='ocrx_word' id='word_1_105' title='bbox 391 1535 460 1581; x_wconf 83' lang='lat' dir='ltr'><strong>cum</strong></span> <span class='ocrx_word' id='word_1_106' title='bbox 485 1522 533 1582; x_wconf 89' lang='lat' dir='ltr'><strong>est</strong></span> <span class='ocrx_word' id='word_1_107' title='bbox 543 1515 607 1584; x_wconf 90' lang='lat' dir='ltr'><strong>tilio</strong></span> <span class='ocrx_word' id='word_1_108' title='bbox 619 1516 715 1583; x_wconf 86' lang='lat' dir='ltr'><strong>filiive</strong></span> <span class='ocrx_word' id='word_1_109' title='bbox 737 1519 895 1584; x_wconf 81' lang='lat' dir='ltr'><strong>advocatis</strong></span> <span class='ocrx_word' id='word_1_110' title='bbox 917 1504 959 1584; x_wconf 90' lang='lat' dir='ltr'><strong>in</strong></span> <span class='ocrx_word' id='word_1_111' title='bbox 974 1524 1103 1584; x_wconf 82' lang='lat' dir='ltr'><strong>matrum</strong></span> <span class='ocrx_word' id='word_1_112' title='bbox 1126 1537 1218 1600; x_wconf 84' lang='lat' dir='ltr'><strong>pero-</strong></span> 
     </span>
     <span class='ocr_line' id='line_1_13' title="bbox 88 1634 1218 1719; baseline -0.003 -17"><span class='ocrx_word' id='word_1_113' title='bbox 88 1634 442 1719; x_wconf 69' lang='lat' dir='ltr'><strong>nundumtulu&#39;puando</strong></span> <span class='ocrx_word' id='word_1_114' title='bbox 470 1641 576 1700; x_wconf 83' lang='lat' dir='ltr'><strong>tamen</strong></span> <span class='ocrx_word' id='word_1_115' title='bbox 604 1656 733 1703; x_wconf 84' lang='lat' dir='ltr'><strong>neeesse</strong></span> <span class='ocrx_word' id='word_1_116' title='bbox 757 1646 815 1717; x_wconf 89' lang='lat' dir='ltr'><strong>est,</strong></span> <span class='ocrx_word' id='word_1_117' title='bbox 849 1640 940 1703; x_wconf 93' lang='lat' dir='ltr'><strong>utin</strong></span> <span class='ocrx_word' id='word_1_118' title='bbox 970 1657 1064 1703; x_wconf 83' lang='lat' dir='ltr'><strong>causa</strong></span> <span class='ocrx_word' id='word_1_119' title='bbox 1092 1635 1218 1701; x_wconf 83' lang='lat' dir='ltr'><strong>Cluenti</strong></span> 
     </span>
     <span class='ocr_line' id='line_1_14' title="bbox 88 1753 1218 1850; baseline 0.002 -31"><span class='ocrx_word' id='word_1_120' title='bbox 88 1753 216 1834; x_wconf 81' lang='lat' dir='ltr'><strong>Habiti,</strong></span> <span class='ocrx_word' id='word_1_121' title='bbox 245 1756 386 1820; x_wconf 87' lang='lat' dir='ltr'><strong>sednon</strong></span> <span class='ocrx_word' id='word_1_122' title='bbox 417 1772 544 1836; x_wconf 87' lang='lat' dir='ltr'><strong>semper</strong></span> <span class='ocrx_word' id='word_1_123' title='bbox 566 1756 620 1821; x_wconf 84' lang='lat' dir='ltr'><strong>illa</strong></span> <span class='ocrx_word' id='word_1_124' title='bbox 649 1757 715 1835; x_wconf 86' lang='lat' dir='ltr'><strong>via,</strong></span> <span class='ocrx_word' id='word_1_125' title='bbox 745 1775 806 1839; x_wconf 85' lang='lat' dir='ltr'><strong>qua</strong></span> <span class='ocrx_word' id='word_1_126' title='bbox 834 1765 943 1823; x_wconf 82' lang='lat' dir='ltr'><strong>contra</strong></span> <span class='ocrx_word' id='word_1_127' title='bbox 966 1756 1086 1850; x_wconf 76' lang='lat' dir='ltr'><strong>Sasiam</strong></span> <span class='ocrx_word' id='word_1_128' title='bbox 1111 1754 1218 1821; x_wconf 87' lang='lat' dir='ltr'><strong>Cicero</strong></span> 
     </span>
     <span class='ocr_line' id='line_1_15' title="bbox 89 1873 1219 1958; baseline 0.002 -20"><span class='ocrx_word' id='word_1_129' title='bbox 89 1892 167 1939; x_wconf 91' lang='lat' dir='ltr'><strong>usus</strong></span> <span class='ocrx_word' id='word_1_130' title='bbox 190 1878 246 1953; x_wconf 90' lang='lat' dir='ltr'><strong>est,</strong></span> <span class='ocrx_word' id='word_1_131' title='bbox 272 1873 427 1955; x_wconf 82' lang='lat' dir='ltr'><strong>nunquia</strong></span> <span class='ocrx_word' id='word_1_132' title='bbox 450 1892 512 1938; x_wconf 91' lang='lat' dir='ltr'><strong>non</strong></span> <span class='ocrx_word' id='word_1_133' title='bbox 528 1873 583 1938; x_wconf 93' lang='lat' dir='ltr'><strong>ille</strong></span> <span class='ocrx_word' id='word_1_134' title='bbox 605 1876 732 1956; x_wconf 88' lang='lat' dir='ltr'><strong>optime,</strong></span> <span class='ocrx_word' id='word_1_135' title='bbox 755 1875 811 1940; x_wconf 86' lang='lat' dir='ltr'><strong>sed</strong></span> <span class='ocrx_word' id='word_1_136' title='bbox 830 1875 902 1958; x_wconf 84' lang='lat' dir='ltr'><strong>quia</strong></span> <span class='ocrx_word' id='word_1_137' title='bbox 921 1874 1090 1956; x_wconf 87' lang='lat' dir='ltr'><strong>plurimum</strong></span> <span class='ocrx_word' id='word_1_138' title='bbox 1113 1874 1219 1953; x_wconf 82' lang='lat' dir='ltr'><strong>refert,</strong></span> 
     </span>
     <span class='ocr_line' id='line_1_16' title="bbox 92 1986 1217 2077; baseline 0.004 -22"><span class='ocrx_word' id='word_1_139' title='bbox 92 1991 209 2073; x_wconf 80' lang='lat' dir='ltr'><strong>quain</strong></span> <span class='ocrx_word' id='word_1_140' title='bbox 232 2010 265 2055; x_wconf 89' lang='lat' dir='ltr'><strong>re</strong></span> <span class='ocrx_word' id='word_1_141' title='bbox 289 1999 320 2056; x_wconf 89' lang='lat' dir='ltr'><strong>et</strong></span> <span class='ocrx_word' id='word_1_142' title='bbox 343 2010 403 2074; x_wconf 91' lang='lat' dir='ltr'><strong>quo</strong></span> <span class='ocrx_word' id='word_1_143' title='bbox 430 1993 522 2059; x_wconf 85' lang='lat' dir='ltr'>modo</span> <span class='ocrx_word' id='word_1_144' title='bbox 545 1993 677 2059; x_wconf 78' lang='lat' dir='ltr'><strong>laedat‘.</strong></span> <span class='ocrx_word' id='word_1_145' title='bbox 723 1986 861 2077; x_wconf 58' lang='lat' dir='ltr'><strong>Apparet</strong></span> <span class='ocrx_word' id='word_1_146' title='bbox 884 1996 975 2070; x_wconf 84' lang='lat' dir='ltr'><strong>viam,</strong></span> <span class='ocrx_word' id='word_1_147' title='bbox 997 2013 1089 2077; x_wconf 81' lang='lat' dir='ltr'><strong>quani</strong></span> <span class='ocrx_word' id='word_1_148' title='bbox 1109 1992 1217 2059; x_wconf 85' lang='lat' dir='ltr'><strong>Cicero</strong></span> 
     </span>
     <span class='ocr_line' id='line_1_17' title="bbox 90 2110 1217 2207; baseline -0.001 -32"><span class='ocrx_word' id='word_1_149' title='bbox 90 2112 251 2207; x_wconf 77' lang='lat' dir='ltr'><strong>ingressus</strong></span> <span class='ocrx_word' id='word_1_150' title='bbox 274 2116 331 2190; x_wconf 87' lang='lat' dir='ltr'><strong>est,</strong></span> <span class='ocrx_word' id='word_1_151' title='bbox 353 2110 546 2187; x_wconf 82' lang='lat' dir='ltr'><strong>Quintiliano</strong></span> <span class='ocrx_word' id='word_1_152' title='bbox 568 2131 631 2177; x_wconf 90' lang='lat' dir='ltr'><strong>non</strong></span> <span class='ocrx_word' id='word_1_153' title='bbox 657 2115 759 2180; x_wconf 85' lang='lat' dir='ltr'><strong>seium</strong></span> <span class='ocrx_word' id='word_1_154' title='bbox 783 2133 846 2180; x_wconf 87' lang='lat' dir='ltr'><strong>nou</strong></span> <span class='ocrx_word' id='word_1_155' title='bbox 869 2113 1051 2194; x_wconf 87' lang='lat' dir='ltr'><strong>displicere,</strong></span> <span class='ocrx_word' id='word_1_156' title='bbox 1079 2113 1133 2178; x_wconf 91' lang='lat' dir='ltr'><strong>sed</strong></span> <span class='ocrx_word' id='word_1_157' title='bbox 1156 2111 1217 2193; x_wconf 91' lang='lat' dir='ltr'><strong>ipsi</strong></span> 
     </span>
     <span class='ocr_line' id='line_1_18' title="bbox 93 2217 1241 2315; baseline 0 -21"><span class='ocrx_word' id='word_1_158' title='bbox 93 2231 242 2310; x_wconf 80' lang='lat' dir='ltr'><strong>optinum</strong></span> <span class='ocrx_word' id='word_1_159' title='bbox 267 2229 376 2293; x_wconf 79' lang='lat' dir='ltr'><strong>videri.</strong></span> <span class='ocrx_word' id='word_1_160' title='bbox 419 2229 529 2312; x_wconf 81' lang='lat' dir='ltr'><strong>ltaque</strong></span> <span class='ocrx_word' id='word_1_161' title='bbox 547 2229 625 2294; x_wconf 89' lang='lat' dir='ltr'><strong>illud</strong></span> <span class='ocrx_word' id='word_1_162' title='bbox 645 2252 726 2311; x_wconf 91' lang='lat' dir='ltr'><strong>„non</strong></span> <span class='ocrx_word' id='word_1_163' title='bbox 743 2233 816 2315; x_wconf 89' lang='lat' dir='ltr'><strong>quia</strong></span> <span class='ocrx_word' id='word_1_164' title='bbox 834 2251 895 2297; x_wconf 91' lang='lat' dir='ltr'><strong>non</strong></span> <span class='ocrx_word' id='word_1_165' title='bbox 915 2233 1059 2312; x_wconf 64' lang='lat' dir='ltr'><strong>optinet</strong></span> <span class='ocrx_word' id='word_1_166' title='bbox 1071 2217 1241 2313; x_wconf 77' lang='lat' dir='ltr'><strong>quoniani‘</strong></span> 
     </span>
    </p>

    <p class='ocr_par' dir='ltr' id='par_1_3' title="bbox 53 2330 1240 3738">
     <span class='ocr_line' id='line_1_19' title="bbox 53 2330 1218 2432; baseline 0.001 -20"><span class='ocrx_word' id='word_1_167' title='bbox 53 2416 61 2431; x_wconf 59' lang='lat'><strong>,</strong></span> <span class='ocrx_word' id='word_1_168' title='bbox 90 2365 156 2413; x_wconf 87' lang='lat' dir='ltr'><strong>rem</strong></span> <span class='ocrx_word' id='word_1_169' title='bbox 180 2330 345 2428; x_wconf 53' lang='lat' dir='ltr'><strong>cogitatam</strong></span> <span class='ocrx_word' id='word_1_170' title='bbox 359 2347 521 2428; x_wconf 81' lang='lat' dir='ltr'><strong>significat,</strong></span> <span class='ocrx_word' id='word_1_171' title='bbox 540 2349 769 2417; x_wconf 80' lang='lat' dir='ltr'><strong>coniunctivunn</strong></span> <span class='ocrx_word' id='word_1_172' title='bbox 789 2351 936 2432; x_wconf 85' lang='lat' dir='ltr'><strong>postulat.</strong></span> <span class='ocrx_word' id='word_1_173' title='bbox 982 2349 1137 2431; x_wconf 83' lang='lat' dir='ltr'><strong>Suppleas</strong></span> <span class='ocrx_word' id='word_1_174' title='bbox 1156 2349 1218 2414; x_wconf 89' lang='lat' dir='ltr'><strong>inr-</strong></span> 
     </span>
     <span class='ocr_line' id='line_1_20' title="bbox 89 2464 1218 2563; baseline 0 -33"><span class='ocrx_word' id='word_1_175' title='bbox 89 2474 189 2531; x_wconf 85' lang='lat' dir='ltr'><strong>tusse:</strong></span> <span class='ocrx_word' id='word_1_176' title='bbox 215 2464 373 2563; x_wconf 84' lang='lat' dir='ltr'><strong>„iecerit“.</strong></span> <span class='ocrx_word' id='word_1_177' title='bbox 395 2503 438 2513; x_wconf 94' lang='lat'>-</span> <span class='ocrx_word' id='word_1_178' title='bbox 464 2467 520 2535; x_wconf 92' lang='lat' dir='ltr'><strong>Bis</strong></span> <span class='ocrx_word' id='word_1_179' title='bbox 548 2469 705 2535; x_wconf 86' lang='lat' dir='ltr'><strong>invenitur</strong></span> <span class='ocrx_word' id='word_1_180' title='bbox 732 2488 788 2559; x_wconf 79' lang='lat' dir='ltr'><strong>pre</strong></span> <span class='ocrx_word' id='word_1_181' title='bbox 818 2487 899 2549; x_wconf 87' lang='lat' dir='ltr'><strong>„non</strong></span> <span class='ocrx_word' id='word_1_182' title='bbox 928 2469 999 2550; x_wconf 85' lang='lat' dir='ltr'><strong>quia</strong></span> <span class='ocrx_word' id='word_1_183' title='bbox 1027 2470 1107 2535; x_wconf 90' lang='lat' dir='ltr'><strong>n0u“</strong></span> <span class='ocrx_word' id='word_1_184' title='bbox 1136 2485 1218 2548; x_wconf 87' lang='lat' dir='ltr'><strong>„non</strong></span> 
     </span>
     <span class='ocr_line' id='line_1_21' title="bbox 88 2584 1218 2668; baseline 0 -19"><span class='ocrx_word' id='word_1_185' title='bbox 88 2585 198 2667; x_wconf 87' lang='lat' dir='ltr'><strong>quin“:</strong></span> <span class='ocrx_word' id='word_1_186' title='bbox 229 2584 297 2663; x_wconf 90' lang='lat' dir='ltr'><strong>Vll,</strong></span> <span class='ocrx_word' id='word_1_187' title='bbox 320 2585 339 2647; x_wconf 90' lang='lat'><strong>3</strong></span> <span class='ocrx_word' id='word_1_188' title='bbox 363 2587 381 2650; x_wconf 85' lang='grc'>9</span> <span class='ocrx_word' id='word_1_189' title='bbox 406 2585 554 2664; x_wconf 83' lang='lat' dir='ltr'><strong>„Interim</strong></span> <span class='ocrx_word' id='word_1_190' title='bbox 577 2588 746 2668; x_wconf 83' lang='lat' dir='ltr'><strong>quaeritur,</strong></span> <span class='ocrx_word' id='word_1_191' title='bbox 770 2588 846 2667; x_wconf 86' lang='lat' dir='ltr'><strong>„hoe</strong></span> <span class='ocrx_word' id='word_1_192' title='bbox 869 2607 908 2651; x_wconf 87' lang='lat' dir='ltr'><strong>en</strong></span> <span class='ocrx_word' id='word_1_193' title='bbox 932 2587 1011 2652; x_wconf 70' lang='lat' dir='ltr'><strong>hoe?</strong></span> <span class='ocrx_word' id='word_1_194' title='bbox 1039 2587 1156 2655; x_wconf 78' lang='lat' dir='ltr'><strong>furtum</strong></span> <span class='ocrx_word' id='word_1_195' title='bbox 1173 2603 1218 2660; x_wconf 76' lang='lat' dir='ltr'><strong>nn</strong></span> 
     </span>
     <span class='ocr_line' id='line_1_22' title="bbox 88 2702 1240 2787; baseline -0.002 -17"><span class='ocrx_word' id='word_1_196' title='bbox 88 2703 327 2783; x_wconf 74' lang='lat' dir='ltr'><strong>sac1·ilegium?“</strong></span> <span class='ocrx_word' id='word_1_197' title='bbox 349 2721 414 2766; x_wconf 89' lang='lat' dir='ltr'><strong>non</strong></span> <span class='ocrx_word' id='word_1_198' title='bbox 431 2704 504 2785; x_wconf 90' lang='lat' dir='ltr'><strong>quin</strong></span> <span class='ocrx_word' id='word_1_199' title='bbox 524 2703 658 2772; x_wconf 77' lang='lat' dir='ltr'><strong>sufficiat</strong></span> <span class='ocrx_word' id='word_1_200' title='bbox 675 2724 742 2771; x_wconf 86' lang='lat' dir='ltr'><strong>non</strong></span> <span class='ocrx_word' id='word_1_201' title='bbox 755 2723 824 2770; x_wconf 87' lang='lat' dir='ltr'><strong>esse</strong></span> <span class='ocrx_word' id='word_1_202' title='bbox 843 2705 1048 2787; x_wconf 78' lang='lat' dir='ltr'><strong>saerilegium,</strong></span> <span class='ocrx_word' id='word_1_203' title='bbox 1072 2704 1127 2769; x_wconf 87' lang='lat' dir='ltr'><strong>sed</strong></span> <span class='ocrx_word' id='word_1_204' title='bbox 1146 2702 1240 2786; x_wconf 74' lang='lat' dir='ltr'><strong>quia,</strong></span> 
     </span>
     <span class='ocr_line' id='line_1_23' title="bbox 68 2821 1218 2906; baseline 0 -20"><span class='ocrx_word' id='word_1_205' title='bbox 68 2836 218 2887; x_wconf 80' lang='lat' dir='ltr'><strong>-neeesse</strong></span> <span class='ocrx_word' id='word_1_206' title='bbox 235 2827 284 2886; x_wconf 91' lang='lat' dir='ltr'><strong>est</strong></span> <span class='ocrx_word' id='word_1_207' title='bbox 295 2821 414 2903; x_wconf 82' lang='lat' dir='ltr'><strong>dicere,</strong></span> <span class='ocrx_word' id='word_1_208' title='bbox 437 2823 512 2904; x_wconf 90' lang='lat' dir='ltr'><strong>quid</strong></span> <span class='ocrx_word' id='word_1_209' title='bbox 527 2825 573 2888; x_wconf 88' lang='lat' dir='ltr'><strong>sit</strong></span> <span class='ocrx_word' id='word_1_210' title='bbox 591 2825 691 2890; x_wconf 86' lang='lat' dir='ltr'><strong>aliud:</strong></span> <span class='ocrx_word' id='word_1_211' title='bbox 713 2842 774 2906; x_wconf 85' lang='lat' dir='ltr'><strong>quo</strong></span> <span class='ocrx_word' id='word_1_212' title='bbox 787 2826 824 2888; x_wconf 91' lang='lat' dir='ltr'><strong>in</strong></span> <span class='ocrx_word' id='word_1_213' title='bbox 837 2823 906 2888; x_wconf 82' lang='lat' dir='ltr'><strong>ioco</strong></span> <span class='ocrx_word' id='word_1_214' title='bbox 926 2828 1092 2904; x_wconf 89' lang='lat' dir='ltr'><strong>utrumque</strong></span> <span class='ocrx_word' id='word_1_215' title='bbox 1109 2821 1218 2887; x_wconf 87' lang='lat' dir='ltr'><strong>finien-</strong></span> 
     </span>
     <span class='ocr_line' id='line_1_24' title="bbox 87 2925 1217 3024; baseline 0.001 -19"><span class='ocrx_word' id='word_1_216' title='bbox 87 2941 162 3005; x_wconf 88' lang='lat' dir='ltr'><strong>dum</strong></span> <span class='ocrx_word' id='word_1_217' title='bbox 186 2942 263 3006; x_wconf 86' lang='lat' dir='ltr'><strong>est.“</strong></span> <span class='ocrx_word' id='word_1_218' title='bbox 308 2940 387 3005; x_wconf 89' lang='lat' dir='ltr'><strong>Item</strong></span> <span class='ocrx_word' id='word_1_219' title='bbox 409 2925 464 3020; x_wconf 88' lang='lat' dir='ltr'><strong>iX,</strong></span> <span class='ocrx_word' id='word_1_220' title='bbox 494 2945 529 3022; x_wconf 84' lang='lat'><strong>4,</strong></span> <span class='ocrx_word' id='word_1_221' title='bbox 552 2944 593 3007; x_wconf 78' lang='lat'><strong>25</strong></span> <span class='ocrx_word' id='word_1_222' title='bbox 617 2943 700 3022; x_wconf 84' lang='lat' dir='ltr'><strong>„Nec</strong></span> <span class='ocrx_word' id='word_1_223' title='bbox 722 2961 783 3008; x_wconf 89' lang='lat' dir='ltr'><strong>non</strong></span> <span class='ocrx_word' id='word_1_224' title='bbox 805 2947 837 3008; x_wconf 83' lang='lat' dir='ltr'><strong>et</strong></span> <span class='ocrx_word' id='word_1_225' title='bbox 860 2943 937 3008; x_wconf 89' lang='lat' dir='ltr'><strong>illud</strong></span> <span class='ocrx_word' id='word_1_226' title='bbox 965 2943 1080 3009; x_wconf 81' lang='lat' dir='ltr'><strong>nimiae</strong></span> <span class='ocrx_word' id='word_1_227' title='bbox 1105 2960 1217 3024; x_wconf 80' lang='lat' dir='ltr'><strong>super·</strong></span> 
     </span>
     <span class='ocr_line' id='line_1_25' title="bbox 87 3058 1231 3143; baseline 0.001 -19"><span class='ocrx_word' id='word_1_228' title='bbox 87 3058 241 3138; x_wconf 82' lang='lat' dir='ltr'><strong>stitinnis‘,</strong></span> <span class='ocrx_word' id='word_1_229' title='bbox 263 3059 309 3123; x_wconf 88' lang='lat' dir='ltr'><strong>uti</strong></span> <span class='ocrx_word' id='word_1_230' title='bbox 331 3079 471 3143; x_wconf 83' lang='lat' dir='ltr'><strong>quaeque</strong></span> <span class='ocrx_word' id='word_1_231' title='bbox 499 3062 563 3127; x_wconf 92' lang='lat' dir='ltr'><strong>sint</strong></span> <span class='ocrx_word' id='word_1_232' title='bbox 594 3066 749 3141; x_wconf 86' lang='lat' dir='ltr'><strong>tempore,</strong></span> <span class='ocrx_word' id='word_1_233' title='bbox 777 3062 822 3127; x_wconf 84' lang='lat' dir='ltr'><strong>itu</strong></span> <span class='ocrx_word' id='word_1_234' title='bbox 848 3061 952 3127; x_wconf 77' lang='lat' dir='ltr'><strong>iacere</strong></span> <span class='ocrx_word' id='word_1_235' title='bbox 982 3063 1077 3128; x_wconf 84' lang='lat' dir='ltr'><strong>etiam</strong></span> <span class='ocrx_word' id='word_1_236' title='bbox 1106 3061 1231 3127; x_wconf 83' lang='lat' dir='ltr'><strong>ordine</strong></span> 
     </span>
     <span class='ocr_line' id='line_1_26' title="bbox 88 3177 1216 3264; baseline 0.002 -22"><span class='ocrx_word' id='word_1_237' title='bbox 88 3179 209 3259; x_wconf 86' lang='lat' dir='ltr'><strong>priora,</strong></span> <span class='ocrx_word' id='word_1_238' title='bbox 232 3196 296 3242; x_wconf 90' lang='lat' dir='ltr'><strong>non</strong></span> <span class='ocrx_word' id='word_1_239' title='bbox 318 3181 392 3258; x_wconf 89' lang='lat' dir='ltr'><strong>quin</strong></span> <span class='ocrx_word' id='word_1_240' title='bbox 414 3177 596 3260; x_wconf 86' lang='lat' dir='ltr'><strong>frequenter</strong></span> <span class='ocrx_word' id='word_1_241' title='bbox 618 3180 740 3245; x_wconf 84' lang='lat' dir='ltr'><strong>sithoc</strong></span> <span class='ocrx_word' id='word_1_242' title='bbox 763 3181 887 3258; x_wconf 82' lang='lat' dir='ltr'><strong>ntelius,</strong></span> <span class='ocrx_word' id='word_1_243' title='bbox 916 3181 972 3248; x_wconf 86' lang='lat' dir='ltr'><strong>sed</strong></span> <span class='ocrx_word' id='word_1_244' title='bbox 995 3183 1068 3264; x_wconf 85' lang='lat' dir='ltr'><strong>quie</strong></span> <span class='ocrx_word' id='word_1_245' title='bbox 1090 3181 1216 3246; x_wconf 86' lang='lat' dir='ltr'><strong>interim</strong></span> 
     </span>
     <span class='ocr_line' id='line_1_27' title="bbox 85 3297 1218 3382; baseline 0.001 -21"><span class='ocrx_word' id='word_1_246' title='bbox 85 3297 157 3377; x_wconf 85' lang='lat' dir='ltr'><strong>pius</strong></span> <span class='ocrx_word' id='word_1_247' title='bbox 180 3299 283 3363; x_wconf 84' lang='lat' dir='ltr'><strong>valent</strong></span> <span class='ocrx_word' id='word_1_248' title='bbox 306 3304 378 3361; x_wconf 80' lang='lat' dir='ltr'><strong>unite</strong></span> <span class='ocrx_word' id='word_1_249' title='bbox 399 3303 487 3378; x_wconf 81' lang='lat' dir='ltr'><strong>gestu</strong></span> <span class='ocrx_word' id='word_1_250' title='bbox 504 3299 639 3380; x_wconf 87' lang='lat' dir='ltr'><strong>ideoque</strong></span> <span class='ocrx_word' id='word_1_251' title='bbox 661 3299 830 3365; x_wconf 86' lang='lat' dir='ltr'><strong>levioribus</strong></span> <span class='ocrx_word' id='word_1_252' title='bbox 854 3301 1092 3382; x_wconf 83' lang='lat' dir='ltr'><strong>superponenda</strong></span> <span class='ocrx_word' id='word_1_253' title='bbox 1116 3300 1218 3377; x_wconf 84' lang='lat' dir='ltr'><strong>sunt“.</strong></span> 
     </span>
     <span class='ocr_line' id='line_1_28' title="bbox 91 3415 1218 3503; baseline 0.002 -24"><span class='ocrx_word' id='word_1_254' title='bbox 91 3417 256 3483; x_wconf 83' lang='lat' dir='ltr'><strong>Aexhibet</strong></span> <span class='ocrx_word' id='word_1_255' title='bbox 278 3418 370 3503; x_wconf 66' lang='lat' dir='ltr'><strong>”quin</strong></span> <span class='ocrx_word' id='word_1_256' title='bbox 387 3415 591 3496; x_wconf 63' lang='lat' dir='ltr'><strong>frequentent</strong></span> <span class='ocrx_word' id='word_1_257' title='bbox 616 3418 688 3483; x_wconf 84' lang='lat' dir='ltr'><strong>Get</strong></span> <span class='ocrx_word' id='word_1_258' title='bbox 701 3419 734 3484; x_wconf 91' lang='lat' dir='ltr'><strong>M</strong></span> <span class='ocrx_word' id='word_1_259' title='bbox 757 3419 828 3499; x_wconf 86' lang='lat' dir='ltr'><strong>„qui</strong></span> <span class='ocrx_word' id='word_1_260' title='bbox 851 3419 1089 3502; x_wconf 68' lang='lat' dir='ltr'><strong>inirequenter‘i,</strong></span> <span class='ocrx_word' id='word_1_261' title='bbox 1111 3421 1218 3482; x_wconf 81' lang='lat' dir='ltr'><strong>contra</strong></span> 
     </span>
     <span class='ocr_line' id='line_1_29' title="bbox 90 3522 1217 3618; baseline 0 -19"><span class='ocrx_word' id='word_1_262' title='bbox 90 3534 111 3599; x_wconf 87' lang='lat' dir='ltr'>S</span> <span class='ocrx_word' id='word_1_263' title='bbox 137 3536 228 3617; x_wconf 70' lang='lat' dir='ltr'><strong>„quia</strong></span> <span class='ocrx_word' id='word_1_264' title='bbox 255 3522 476 3618; x_wconf 63' lang='lat' dir='ltr'><strong>frequenter‘t&#39;</strong></span> <span class='ocrx_word' id='word_1_265' title='bbox 507 3538 535 3604; x_wconf 86' lang='lat' dir='ltr'>E</span> <span class='ocrx_word' id='word_1_266' title='bbox 564 3537 704 3604; x_wconf 84' lang='lat' dir='ltr'><strong>codicum</strong></span> <span class='ocrx_word' id='word_1_267' title='bbox 728 3539 756 3605; x_wconf 83' lang='grc' dir='ltr'><strong>Α</strong></span> <span class='ocrx_word' id='word_1_268' title='bbox 779 3537 805 3602; x_wconf 88' lang='lat' dir='ltr'><strong>G</strong></span> <span class='ocrx_word' id='word_1_269' title='bbox 830 3538 861 3602; x_wconf 93' lang='lat' dir='ltr'>M</span> <span class='ocrx_word' id='word_1_270' title='bbox 885 3537 1018 3604; x_wconf 87' lang='lat' dir='ltr'><strong>lectione</strong></span> <span class='ocrx_word' id='word_1_271' title='bbox 1046 3535 1123 3603; x_wconf 85' lang='lat' dir='ltr'><strong>satis</strong></span> <span class='ocrx_word' id='word_1_272' title='bbox 1145 3553 1217 3616; x_wconf 86' lang='lat' dir='ltr'><strong>per-</strong></span> 
     </span>
     <span class='ocr_line' id='line_1_30' title="bbox 84 3653 735 3738; baseline 0.005 -20"><span class='ocrx_word' id='word_1_273' title='bbox 84 3653 226 3733; x_wconf 83' lang='lat' dir='ltr'><strong>spicuum</strong></span> <span class='ocrx_word' id='word_1_274' title='bbox 247 3660 307 3733; x_wconf 87' lang='lat' dir='ltr'><strong>est,</strong></span> <span class='ocrx_word' id='word_1_275' title='bbox 331 3655 442 3736; x_wconf 88' lang='lat' dir='ltr'><strong>„quin“</strong></span> <span class='ocrx_word' id='word_1_276' title='bbox 466 3656 633 3738; x_wconf 78' lang='lat' dir='ltr'><strong>legendum</strong></span> <span class='ocrx_word' id='word_1_277' title='bbox 656 3676 735 3724; x_wconf 88' lang='lat' dir='ltr'><strong>esse.</strong></span> 
     </span>
    </p>

    <p class='ocr_par' dir='ltr' id='par_1_4' title="bbox 64 3760 1270 4119">
     <span class='ocr_line' id='line_1_31' title="bbox 64 3760 1270 3852; baseline 0.002 -15"><span class='ocrx_word' id='word_1_278' title='bbox 64 3760 105 3837; x_wconf 79' lang='grc'><strong>’.</strong></span> <span class='ocrx_word' id='word_1_279' title='bbox 170 3773 223 3852; x_wconf 62' lang='grc' dir='ltr'><strong>ο)ι</strong></span> <span class='ocrx_word' id='word_1_280' title='bbox 247 3773 369 3850; x_wconf 82' lang='lat' dir='ltr'><strong>Restat,</strong></span> <span class='ocrx_word' id='word_1_281' title='bbox 398 3777 433 3837; x_wconf 90' lang='lat' dir='ltr'><strong>ut</strong></span> <span class='ocrx_word' id='word_1_282' title='bbox 455 3774 554 3840; x_wconf 80' lang='lat' dir='ltr'><strong>dicein</strong></span> <span class='ocrx_word' id='word_1_283' title='bbox 577 3775 617 3840; x_wconf 85' lang='lat' dir='ltr'><strong>de</strong></span> <span class='ocrx_word' id='word_1_284' title='bbox 640 3768 802 3840; x_wconf 70' lang='lat' dir='ltr'><strong>enuistiato</strong></span> <span class='ocrx_word' id='word_1_285' title='bbox 830 3769 936 3840; x_wconf 78' lang='lat' dir='ltr'><strong>verim</strong></span> <span class='ocrx_word' id='word_1_286' title='bbox 959 3793 1086 3841; x_wconf 80' lang='lat' dir='ltr'><strong>eausam</strong></span> <span class='ocrx_word' id='word_1_287' title='bbox 1115 3776 1216 3840; x_wconf 86' lang='lat' dir='ltr'><strong>conti·</strong></span> <span class='ocrx_word' id='word_1_288' title='bbox 1261 3823 1270 3839; x_wconf 90' lang='lat'><em>.</em></span> 
     </span>
     <span class='ocr_line' id='line_1_32' title="bbox 82 3880 1218 3976; baseline 0.007 -25"><span class='ocrx_word' id='word_1_289' title='bbox 82 3894 187 3968; x_wconf 92' lang='lat' dir='ltr'><strong>nente,</strong></span> <span class='ocrx_word' id='word_1_290' title='bbox 210 3892 291 3970; x_wconf 88' lang='lat' dir='ltr'><strong>quod</strong></span> <span class='ocrx_word' id='word_1_291' title='bbox 314 3880 498 3974; x_wconf 79' lang='lat' dir='ltr'><strong>plerumque</strong></span> <span class='ocrx_word' id='word_1_292' title='bbox 516 3892 725 3959; x_wconf 84' lang='lat' dir='ltr'><strong>introducitur</strong></span> <span class='ocrx_word' id='word_1_293' title='bbox 734 3911 791 3974; x_wconf 88' lang='lat' dir='ltr'><strong>per</strong></span> <span class='ocrx_word' id='word_1_294' title='bbox 807 3894 882 3972; x_wconf 88' lang='lat' dir='ltr'><strong>„sed</strong></span> <span class='ocrx_word' id='word_1_295' title='bbox 902 3894 1003 3976; x_wconf 87' lang='lat' dir='ltr'><strong>quia“.</strong></span> <span class='ocrx_word' id='word_1_296' title='bbox 1049 3895 1111 3959; x_wconf 87' lang='lat' dir='ltr'><strong>Sed</strong></span> <span class='ocrx_word' id='word_1_297' title='bbox 1124 3901 1218 3960; x_wconf 80' lang='lat' dir='ltr'><strong>antea</strong></span> 
     </span>
     <span class='ocr_line' id='line_1_33' title="bbox 82 4002 1245 4119; baseline -0.013 -45"><span class='ocrx_word' id='word_1_298' title='bbox 82 4017 150 4119; x_wconf 67' lang='lat' dir='ltr'><strong>tues</strong></span> <span class='ocrx_word' id='word_1_299' title='bbox 179 4002 445 4076; x_wconf 81' lang='lat' dir='ltr'><strong>commemorandi</strong></span> <span class='ocrx_word' id='word_1_300' title='bbox 468 4017 541 4076; x_wconf 92' lang='lat' dir='ltr'><strong>sunt</strong></span> <span class='ocrx_word' id='word_1_301' title='bbox 562 4010 640 4091; x_wconf 81' lang='lat' dir='ltr'><strong>loci,</strong></span> <span class='ocrx_word' id='word_1_302' title='bbox 663 4030 681 4076; x_wconf 83' lang='lat' dir='ltr'><strong>a</strong></span> <span class='ocrx_word' id='word_1_303' title='bbox 703 4012 822 4094; x_wconf 82' lang='lat' dir='ltr'><strong>quitus</strong></span> <span class='ocrx_word' id='word_1_304' title='bbox 840 4011 908 4076; x_wconf 73' lang='lat' dir='ltr'><strong>nse</strong></span> <span class='ocrx_word' id='word_1_305' title='bbox 932 4004 1152 4073; x_wconf 60' lang='lat' dir='ltr'><strong>&#39;sussum</strong></span> <span class='ocrx_word' id='word_1_306' title='bbox 1168 4021 1245 4060; x_wconf 64' lang='lat' dir='ltr'><strong>m-</strong></span> 
     </span>
    </p>
   </div>
   <div class='ocr_carea' id='block_1_3' title="bbox 0 0 1310 4396">
    <p class='ocr_par' dir='ltr' id='par_1_5' title="bbox 0 0 1310 4396">
     <span class='ocr_line' id='line_1_34' title="bbox 0 0 1310 4396; baseline 0 0"><span class='ocrx_word' id='word_1_307' title='bbox 0 0 1310 4396; x_wconf 95' lang='lat' dir='ltr'><strong> </strong></span> 
     </span>
    </p>
   </div>
  </div>
 </body>
</html>
