2610 4396
32 310 35 314 Α
85 217 128 286 44

170 389 229 456 His
251 389 330 456 locis
353 390 513 474 „quaudo“
537 408 599 454 non
617 391 680 453 tarn
699 408 822 456 causam
841 389 940 470 affert,
961 409 1016 457 cur
1033 389 1215 458 soloecismi

85 509 158 589 sint,
180 527 236 574 cur
257 509 356 575 latina
370 508 516 576 facundia
538 509 645 574 durior
656 509 699 575 sit
710 509 787 590 ipsis
804 511 899 588 sonis,
921 508 978 574 sed
1000 510 1115 590 verbis,
1133 529 1215 592 quae

85 646 104 693 a
127 627 287 709 „quando“
310 627 455 708 pendeat,
478 628 530 708 qui
553 627 616 692 sint
636 627 684 692 iili
717 626 904 708 soloecismi,
926 644 1005 711 quae
1022 627 1077 693 illa
1098 629 1140 695 sit
1154 628 1215 695 du·

85 747 166 827 ritia,
189 747 366 828 explicatur.

171 868 199 931 2.
245 865 336 943 Quod
357 867 469 933 attinet
491 864 531 930 ad
552 863 662 928 modos
685 870 758 947 post
778 864 939 947 ‚uuanuo“
961 865 1097 946 positos,
1120 883 1139 930 a
1162 863 1214 933 Ci-

86 1003 197 1050 cerone
226 984 260 1050 iu
292 974 377 1051 recta
409 984 549 1050 oratione
583 1001 707 1064 semper
733 983 919 1050 indicativus
941 982 1062 1067 positus
1091 991 1153 1063 est,
1180 984 1213 1048 iu

85 1103 169 1184 quod
193 1103 232 1168 de
255 1103 354 1169 Taciti
376 1120 498 1184 quoque
520 1119 580 1166 usu
603 1092 755 1167 Roaissius
783 1101 1000 1182 observavit1).
1045 1101 1211 1179 Quintilia-

86 1241 144 1287 nus
168 1199 298 1288 eandem
321 1222 420 1302 legem
450 1220 599 1302 sequitur.
643 1219 722 1284 Nam
746 1219 776 1296 1,
805 1221 840 1298 8,
870 1223 904 1285 9:
932 1221 1100 1300 „sanctitas
1128 1227 1237 1285 certe

86 1346 132 1420 et,
155 1346 189 1405 ut
211 1341 254 1406 sic
279 1339 394 1418 dicam,
417 1339 547 1404 virilitas
570 1339 609 1404 ab
633 1338 671 1403 iis
698 1339 834 1418 peteuda
855 1345 917 1418 est,
945 1339 1069 1421 quando
1098 1358 1157 1405 nos
1178 1341 1213 1405 iu

86 1460 190 1525 omnia
212 1458 391 1526 deliciarum
415 1459 490 1524 vitia
513 1457 638 1522 dicendi
665 1475 789 1539 quoque
810 1458 933 1524 ratione
949 1426 1160 1524 'defluximus‘
1183 1459 1211 1523 B

86 1579 143 1644 MS
166 1579 288 1645 codices
310 1577 434 1659 quidem
457 1576 687 1669 coniunctivum
710 1577 875 1657 praebent,
898 1577 953 1643 sed
975 1577 1043 1643 sine
1065 1578 1131 1643 ulla
1153 1578 1229 1674 [lu-¹

87 1699 237 1763 bitatione
265 1696 464 1774 indicativus,
492 1712 583 1776 quem
612 1695 743 1776 praebet
769 1680 904 1776 optimus
927 1681 1022 1762 codex
1044 1698 1069 1761 A
1094 1697 1213 1795 praeie-

85 1816 202 1882 rendus
226 1822 282 1882 est.
301 1851 342 1863 -

171 1935 282 2000 Vitiosi
305 1939 379 2000 sunt
400 1933 597 2013 coniunctivi,
620 1933 652 1996 in
675 1933 789 2014 quibus
812 1941 844 1998 ct
862 1923 1064 2015 Spaldiugius
1087 1940 1119 1998 et
1136 1934 1213 1999 Hal-

89 2054 169 2118 mius
192 2053 260 2117 iure
283 2052 494 2117 offenderunt:
515 2052 568 2132 lX,
587 2055 617 2130 4,
638 2055 656 2116 i
681 2042 847 2128 ,Getemm
868 2058 983 2134 quanto
1000 2027 1215 2118 vehementiae

86 2171 249 2237 fluminum
272 2190 380 2237 cursus
399 2177 556 2252 estprono
569 2171 655 2237 alveo
668 2189 704 2236 ac
720 2169 822 2235 nullas
841 2170 937 2236 molas
949 2170 1103 2236 obiciente
1119 2190 1213 2254 quam

84 2291 166 2356 inter
188 2291 347 2356 obstantia
367 2309 442 2356 saxa
458 2290 673 2380 fractisaquis
698 2307 733 2355 ac
761 2289 999 2369 reluctantibus,
1021 2294 1211 2372 tanto,quae

86 2428 202 2476 conexa
224 2416 273 2476 est
295 2415 327 2474 et
348 2407 423 2474 botis
445 2409 564 2475 viribus
586 2393 668 2487 fluit,
693 2409 818 2490 fragosa
838 2414 931 2491 atque
951 2409 1128 2509 interrupta
1148 2427 1213 2475 me·

85 2529 147 2596 lior
170 2530 278 2594 oratio.
322 2527 387 2593 Cur
408 2546 482 2608 ergo
504 2528 588 2595 vires
609 2527 678 2609 ipsa
706 2527 808 2609 specio
832 2528 909 2594 solvi
937 2533 1062 2610 putent,
1088 2527 1213 2612 quando

85 2667 135 2714 res
158 2666 216 2713 nec
238 2646 302 2712 ulla
324 2647 393 2712 sine
414 2652 480 2710 arte
503 2647 579 2713 satis
601 2646 702 2712 valeat
724 2651 756 2711 et
779 2648 945 2711 comitetur
967 2664 1091 2728 semper
1113 2653 1212 2713 amem

46 2814 49 2821 -
85 2767 222 2833 decor‘l“

172 2885 232 2962 Qui
253 2883 453 2965 coniunctivi,
481 2902 549 2949 oum
573 2884 660 2948 nullo
691 2866 784 2950 modo
816 2882 964 2965 explicari
993 2882 1042 2947 vel
1071 2883 1213 2951 excusari

85 3005 223 3088 possint,
253 3004 286 3069 iu
318 3004 502 3070 indicativos
526 3003 646 3084 „valet“
677 3008 708 3068 et
736 3003 939 3083 „comitatur“
967 3002 1109 3068 mutondi
1143 3021 1215 3070 esse

84 3123 238 3190 videntur.
1133 3104 1136 3113 ’

171 3239 368 3309 Coniunctivi
389 3240 438 3307 his
461 3240 552 3307 locis:
580 3239 759 3305 lProocm.
787 3242 822 3320 43
851 3240 894 3320 V,
920 3244 972 3318 12,
1004 3241 1057 3320 133
1084 3238 1160 3320 Vll,
1186 3244 1213 3318 1,

86 3363 137 3442 dl,
160 3379 230 3426 curn
251 3361 284 3427 in
307 3361 447 3426 oratione
470 3359 598 3440 obliqua
619 3346 714 3440 positi
736 3359 809 3441 sint,
830 3359 912 3425 nihil
935 3358 1027 3425 alieni
1051 3359 1180 3424 habent

614 3518 702 3630 aas

459 3664 464 3679 '
549 3665 759 3747 Quatenus.

174 3841 200 3900 1.
242 3834 438 3916 „Quamnam
462 3834 623 3916 usurpavit
656 3833 881 3912 Quintilianus,
910 3838 946 3898 ut
966 3850 1091 3900 causam
1113 3832 1214 3900 adde-

85 3961 142 4036 ret,
164 3952 339 4038 quinquies.
386 3951 542 4020 Omnibus
565 3959 669 4019 autem
692 3951 768 4019 locis
790 3970 846 4034 pro
875 3952 1058 4034 „quoniam“
1082 3950 1142 4032 „da
1158 3951 1216 4034 ja“
1244 3990 1248 3995 -

85 4054 494 4074 m

155 4107 178 4174 ¹)
196 4106 216 4174 1,
234 4105 252 4160 l.
269 4120 297 4175 p.
313 4107 356 4160 37.
