2610 4396
87 191 136 265 '38

92 367 193 434 motis
214 367 352 452 (iignum,
374 366 609 452 quod'ultimus
628 373 678 436 est
699 361 764 436 fers
782 387 821 437 ex
842 372 964 454 naamis,
986 372 1040 458 qui
1063 370 1126 441 diei
1150 393 1228 459 pos·

92 490 134 565 sit
155 491 289 556 orator.“
333 488 385 567 Xl,
407 489 437 568 2,
463 493 496 552 ll
524 489 651 569 „Artem
664 496 768 556 autem
787 492 1097 577 memoriaepm'm'ns
1120 497 1229 561 ostan-

93 607 194 674 dissse
216 606 343 683 dieitur,
354 605 546 688 Simonides,
572 608 660 673 euius
687 609 811 690 vulgata
834 609 940 676 tabula
962 617 1020 678 est
1063 611 1145 679 (lum
1168 632 1226 695 pu·

91 725 145 808 gili
167 731 316 792 coronato
337 743 471 806 tarmen,
492 726 585 809 quale
607 729 752 806 componi
774 729 945 797 ueteribus
967 729 1056 806 solet
1078 730 1227 798 mercede

89 849 180 926 pacta
202 844 397 928 scripsisset,
425 846 609 927 abnegatam
632 847 661 910 ei
689 847 840 929 pecuniae
867 854 1004 931 partem,
1025 849 1113 931 quot
1136 867 1227 916 more

16 992 19 999 ·
89 964 191 1047 poetis
227 963 479 1061 frequentissime
515 963 676 1046 digressus
708 965 741 1032 in
775 968 885 1035 laudes
912 968 1052 1036 Castoris
1085 985 1124 1035 aa
1152 968 1228 1034 Pol·

89 1083 169 1150 lucis
200 1083 345 1148 exierat.“
389 1082 470 1147 Tum
492 1102 530 1148 ex
557 1084 696 1151 oratione
725 1085 877 1151 indirecta
898 1087 932 1153 in
960 1091 1077 1155 rectam
1108 1087 1228 1154 transit

88 1201 238 1284 scriptor:
263 1199 478 1283 „Quapropter
500 1208 622 1284 partem
642 1204 681 1267 ab
702 1203 743 1269 iis
764 1209 881 1285 petere,
898 1223 1030 1288 quorum
1042 1205 1127 1272 lauta
1139 1206 1225 1273 sele·

88 1320 222 1400 brusset,
235 1319 439 1387 iubebatur.“
863 1338 870 1345 ·

173 1439 300 1505 Tertius
322 1440 425 1522 loeus,
444 1439 507 1506 ism
531 1459 626 1524 supra
646 1442 706 1508 sub
732 1441 843 1524 „quia‘
865 1448 1145 1524 commemoratus,
1173 1445 1225 1511 in·

86 1559 225 1625 venitur:

171 1679 226 1759 lll‚
249 1681 278 1758 6,
301 1679 342 1743 42
366 1678 442 1759 „His
461 1679 553 1744 etiam
572 1682 666 1746 ceteri
685 1685 785 1747 status
797 1664 947 1746 contineri
968 1681 1125 1763 dicuntur,
1148 1681 1224 1764 quia

85 1807 118 1867 et
140 1801 301 1882 quantitas
324 1799 417 1864 modo
440 1780 479 1863 ad
509 1800 719 1866 coniecturam
746 1801 900 1866 referatur
922 1835 961 1847 -—
985 1802 1062 1884 quin
1085 1808 1119 1867 at
1143 1819 1220 1869 aon-

83 1920 200 1987 trariae
229 1919 315 2001 leges
338 1922 369 1982 at
396 1918 629 1984 ratiocinativus
656 1925 770 2000 status,
803 1918 907 1985 idest
935 1919 1150 2001 syllogismus.
1185 1924 1220 1984 et

83 2040 267 2122 plerumque
291 2036 400 2117 scripti
422 2042 454 2102 st
475 2037 644 2104 voluntatis
668 2056 766 2120 aequo
795 2037 949 2117 nitantur,
974 2037 1036 2105 nisi
1057 2036 1144 2118 quod
1167 2037 1220 2103 bia

84 2158 196 2225 tentius
220 2156 389 2239 aliquando
411 2156 618 2232 coniecturam
641 2156 769 2237 aecipit‘
782 2208 788 2222 .
801 2206 808 2221 .
821 2206 849 2221 ..
873 2191 913 2203 -

171 2275 286 2342 alacre
307 2273 429 2340 dicendi
450 2293 549 2357 genus
572 2275 758 2357 scriptorem
778 2273 917 2353 adduxit,
940 2278 984 2353 ut,
1006 2273 1124 2365 oblitus
1148 2291 1220 2365 urp-

85 2395 181 2461 tionis
201 2394 383 2472 indireptae,
405 2394 507 2459 modis
529 2399 632 2460 rectae
655 2393 806 2459 orationis
827 2398 977 2459 uteretur.
1032 2375 1035 2381 ⁵

168 2514 241 2580 lure
271 2512 484 2580 coniunctisus
516 2514 549 2577 in
577 2513 717 2580 oratione
751 2512 877 2595 obliqua
907 2517 978 2593 post
1007 2510 1089 2592 „nisi
1114 2512 1218 2594 quom

83 2633 205 2717 positus
234 2637 283 2699 est
310 2631 369 2709 lV,
397 2632 433 2711 ⁶2,
463 2632 505 2696 tt
532 2631 612 2712 „nisi
640 2630 928 2715 quod-voluerit“
978 2633 1107 2697 Praeter
1134 2630 1220 2697 hune

84 2753 186 2820 locum
206 2757 238 2818 et
259 2749 327 2831 Vll,
343 2752 372 2831 2,
390 2753 431 2814 56
456 2750 535 2830 „nisi
551 2746 900 2833 quodi-concesserim,
922 2749 976 2815 ubi
988 2748 1217 2815 coniunctivum

86 2870 288 2956 potentialem
322 2869 489 2948 habemns,
518 2868 634 2952 ubique
666 2869 867 2936 indicativum
897 2874 969 2950 post
1000 2867 1080 2950 „nisi
1114 2836 1228 2954 quom

87 2990 217 3058 adhibet
239 2988 458 3066 Quintilianus.
582 2994 588 3005 '

170 3109 208 3191 b)
251 3107 347 3174 Recte
368 3108 512 3174 Halmius
533 3108 735 3175 indicativum
753 3107 907 3174 restituit:
929 3107 983 3188 XI,
1008 3112 1035 3188 1,
1056 3109 1096 3172 92
1119 3107 1218 3188 „Adi-

88 3228 232 3296 ciendum
256 3226 349 3295 auam
377 3227 516 3294 breuiter
546 3228 688 3304 udatur,-
711 3227 793 3309 quod
815 3224 909 3293 litut
935 3225 1057 3292 dicendi
1084 3226 1218 3294 virtutes

88 3347 318 3415 diversissimas
330 3362 391 3411 non
408 3345 511 3412 solum
530 3363 606 3412 suos
623 3349 779 3412 amatores
791 3345 937 3423 habeant,
959 3344 1016 3412 sad
1032 3345 1072 3411 ab
1095 3344 1216 3412 eisdem

86 3485 182 3551 saepe
214 3465 411 3533 laudantur.“
455 3466 515 3532 Pro
546 3463 601 3545 „fit
627 3466 681 3531 ut“
710 3463 795 3531 ulls
824 3464 972 3530 exhibent
997 3462 1099 3543 ,‚fitt“,
1130 3465 1218 3532 unde

87 3586 189 3668 „lere“
211 3584 353 3652 affectum
375 3590 423 3651 est
445 3584 477 3648 in
499 3583 690 3650 editionibus
711 3585 877 3651 veteribus.

172 3705 201 3786 a)
245 3703 400 3770 Omnibus
422 3702 516 3783 loeis,
544 3702 599 3767 ubi
628 3701 876 3768 coniunctionem
900 3700 1019 3786 „quod“
1041 3719 1098 3784 pro
1122 3718 1216 3766 aecu-

87 3823 188 3889 satiso
211 3841 280 3888 tum
303 3819 457 3887 infinitivo
481 3821 614 3902 positam
639 3838 709 3887 esse
730 3821 882 3900 uidimus,
908 3822 1038 3887 verbum
1057 3818 1217 3887 'coniunc-

87 3942 152 4009 tivo
174 3940 266 4007 modo
289 3940 396 4007 datum
420 3939 551 4023 estqui
572 3945 710 4006 emente
732 3939 863 4007 dicentis
885 3940 1065 4023 explicatur.
1109 3935 1218 4006 Semel

89 4065 212 4129 tantum
235 4059 368 4143 legimns
393 4058 611 4127 tntimnsum:
637 4057 698 4139 XI,
726 4060 762 4141 2,
793 4060 831 4127 12
852 4057 1075 4142 ,tumentes
1103 4059 1218 4127 nuntio
