2610 4396
82 189 124 260 42

82 364 152 429 dem
175 362 254 429 flexa
276 367 307 428 et
330 367 428 443 acuta,
451 364 597 448 queniam
619 366 668 429 est
683 363 716 429 in
738 360 861 430 flexaet
878 367 981 429 acum:
1004 364 1111 447 itaque
1132 380 1214 431 neu·

81 488 130 550 tra
152 482 259 548 cludet
276 499 382 548 uocem
401 483 557 550 latinam.“
603 481 678 548 (led.
700 482 726 546 B
749 482 889 549 exhibet:
915 483 986 565 „qui
1008 485 1060 549 ine
1081 482 1214 561 adem“;

84 602 177 686 „quin
199 601 298 685 (quia,
321 602 395 685 quia
416 602 461 685 in)
484 601 612 667 eadem“
643 600 765 668 codices
792 599 965 668 deteriores
987 602 1155 684 praebent3
1185 604 1214 670 A

83 721 161 787 MS
197 722 345 787 emittunt
374 722 702 805 „quoniam-acuta“
748 719 865 802 Vulgo:
901 722 1067 803 „quoniam
1099 722 1214 788 eadem

81 839 161 905 flexa
177 848 209 905 et
225 841 344 919 acute“;
367 840 567 922 Spaldingius
586 838 730 904 coniecit:
751 839 915 921 „queniam
927 837 1009 906 flexa
1022 843 1072 905 est
1087 843 1214 920 acum,

81 960 147 1025 vel:
171 961 336 1043 „quoniam
359 960 391 1025 in
414 957 552 1025 dexaest
568 959 687 1038 acute“,
710 956 925 1023 Gemhardus:
949 958 1113 1041 „quoniam
1131 957 1215 1025 flexa

82 1078 189 1143 eedem
214 1085 245 1145 et
273 1084 364 1143 acuta
392 1080 469 1143 est“.
515 1076 576 1143 Sed
599 1075 769 1142 Olausseue
797 1083 830 1141 et
857 1054 1015 1143 Schdellio
1042 1078 1214 1158 assentior,

82 1198 136 1278 qui
159 1198 237 1262 haec
258 1197 353 1262 verba
367 1217 368 1220 ¹
383 1197 456 1279 „qui
477 1196 510 1261 in
531 1196 641 1260 eadem
662 1194 742 1261 flexa
764 1200 796 1261 et
818 1199 927 1261 acute“
953 1195 1033 1261 nihil
1054 1213 1126 1262 esse
1149 1197 1215 1263 nisi

81 1314 326 1395 dittographiam
355 1321 440 1379 recte
469 1315 733 1396 perspexerim).

167 1432 226 1514 ΙΙΙ,
250 1435 282 1510 ’2,
306 1433 325 1495 2
351 1433 449 1514 „Nam
473 1441 503 1498 et
525 1451 582 1514 per
604 1438 719 1510 totam,
742 1439 777 1497 ut
799 1432 948 1512 diximus,
975 1449 1099 1500 causam
1122 1433 1213 1500 locus

83 1557 130 1618 est
151 1551 341 1632 adfectibus,
371 1559 402 1618 et
425 1570 532 1616 eorum
555 1569 617 1617 nen
645 1551 776 1632 simplex
802 1559 914 1617 nature
941 1551 1053 1617 necin
1075 1552 1210 1618 transitu

82 1671 256 1748 tractanda,
289 1671 436 1751 queniam
464 1670 543 1734 nihil
571 1669 694 1735 adferre
723 1670 824 1735 maius
851 1671 898 1735 vis
933 1669 1044 1736 eraudi
1072 1673 1210 1752 potest‘
1262 1670 1269 1687 '

82 1789 151 1854 Hoc
172 1790 239 1854 loco
262 1790 386 1854 cedices
409 1785 500 1851 AGM
523 1788 676 1868 praebent
699 1790 811 1871 „qu0“‚
834 1787 869 1854 S:
894 1787 1026 1871 „qued“.

170 1905 277 1987 „Qum
302 1911 406 1971 eutem
429 1905 503 1970 ferri
525 1923 587 1969 non
610 1912 724 1986 potest
746 1924 816 1972 cum
838 1906 955 1971 frustra
975 1911 1152 1988 quaeratur,
1171 1906 1211 1973 ad

83 2025 165 2107 qued
187 2025 316 2091 verbum
340 2024 501 2106 respiciam
531 2023 653 2106 „qucd“
677 2024 708 2088 in
744 2025 809 2089 cod.
834 2022 855 2089 S
883 2025 1087 2092 coniecturae
1100 2025 1211 2092 tribu-

83 2143 198 2208 endum
223 2148 278 2208 est.
324 2144 433 2226 ltaque
456 2141 581 2208 Halmio
603 2141 789 2223 adstipulor‚
812 2146 879 2225 qui,
902 2145 986 2226 quod
1008 2142 1211 2225 Spaldingiue

83 2261 225 2337 coniecit,
250 2264 433 2344 „quoniam“
459 2263 491 2326 in
520 2267 637 2326 textum
667 2263 792 2341 recepit
837 2262 916 2327 Nam
940 2281 996 2344 pro
1021 2263 1209 2345 „quioniaml
1246 2274 1257 2289 '

82 2380 203 2446 librarii
226 2370 319 2461 saepe
342 2383 527 2462 compendio
555 2388 653 2466 „qud“
679 2382 857 2448 utebantur.

168 2501 196 2563 2.
242 2500 288 2564 De
318 2499 478 2565 mederum
508 2506 580 2582 post
604 2501 789 2583 „quoniem“
815 2518 874 2564 usu
901 2499 980 2564 nihil
1003 2499 1068 2563 fere
1097 2498 1212 2576 haben,

82 2619 164 2701 qued
187 2617 310 2696 addam,
333 2634 402 2681 cum
425 2616 638 2694 Quintilianus
661 2619 701 2685 ab
719 2618 852 2684 aliorum
875 2619 1063 2700 scriptorum
1086 2616 1212 2684 dicendi

83 2737 309 2802 consuetudine
321 2754 382 2802 nen
399 2737 564 2819 discrepet
609 2737 815 2803 Indicatiuum
835 2736 1019 2818 „queniam‘
1038 2734 1214 2818 particulae

83 2856 187 2922 tricies
210 2856 307 2920 octies
330 2854 488 2936 adiunxit,
511 2855 566 2921 sed
589 2855 712 2921 duobus
733 2859 855 2921 tantum
877 2855 954 2920 locis
977 2854 1004 2920 is
1028 2854 1138 2921 medus
1159 2854 1212 2918 ol-

83 2973 233 3040 leusicnis
256 2972 374 3055 aliquid
395 2974 500 3040 habet.

168 3091 224 3169 111,
247 3094 276 3170 6,
299 3093 336 3156 et
363 3091 451 3172 „Hoc
474 3092 618 3159 ultimum
647 3093 779 3160 maxime
801 3092 834 3158 in
863 3090 1073 3174 comparativo
1095 3108 1214 3174 genere

83 3211 203 3277 versari
225 3216 329 3292 putet,
350 3211 496 3294 quoniam
519 3211 630 3277 melius
654 3230 689 3277 ac
711 3214 815 3295 peius,
844 3213 945 3278 maius
967 3216 1000 3276 et
1022 3210 1125 3281 minus
1146 3209 1211 3275 uisi

83 3330 145 3396 alio
168 3330 270 3395 relata
292 3347 355 3392 non
377 3328 633 3410 intelleguntur.“

168 3445 221 3526 ΙΙΙ,
243 3448 273 3523 2,
297 3448 315 3512 9
340 3443 552 3528 „Quamquam
568 3447 694 3514 inuenio
707 3449 790 3530 apud
810 3449 982 3528 Platonem,
1004 3447 1131 3514 obstare
1149 3463 1217 3510 me-

84 3567 200 3633 moriae
222 3563 524 3646 usumlitterarum,
551 3566 695 3633 videlicet
715 3568 862 3650 queniam
885 3567 955 3645 illa,
983 3583 1065 3649 qnae
1087 3564 1216 3647 scriptia

83 3685 296 3767 reposuimus,
324 3682 410 3747 velut
438 3684 595 3750 custodire
622 3684 794 3752 desinimus
817 3691 849 3752 et
869 3686 941 3769 ipse
969 3685 1136 3752 securitate
1162 3683 1216 3749 di-

85 3803 265 3869 mittimus.“
294 3818 298 3824 ·

153 3972 173 4036 ι)
192 3967 225 4022 cl.
244 3967 341 4022 Annal.
359 3967 427 4037 phil.
443 3967 532 4038 suppl.
551 3968 589 4023 v1
605 3986 633 4040 p.
652 3969 703 4024 326
721 3984 778 4040 sqq.
796 3973 822 4026 et
839 3968 961 4026 Schcella
980 3967 1014 4024 de
1031 3972 1145 4024 accentu
1162 3974 1216 4025 vet.

84 4063 193 4129 mamm.
213 4066 303 4123 praee.
320 4066 347 4122 p.
366 4053 426 4106 toa.
