2610 4396
88 183 130 261 28

86 363 294 430 facilitatem.“
336 361 468 446 Ellipsis
496 360 541 428 ita
568 360 643 428 mihi
673 357 826 446 explenda
856 358 995 431 videtur:
1024 359 1110 444 „nisi
1133 352 1228 447 quod

85 483 265 550 facilitatem
287 482 465 566 quaerimus
487 482 545 548 nos
567 482 599 546 in
622 484 701 548 hunc
732 484 933 564 sententiam,
960 483 1055 550 nimis
1078 480 1220 550 difficilia

90 620 162 669 esse
194 601 342 668 nonnulla
374 601 485 680 verba,
515 600 658 667 adducit“
681 600 882 687 (‚‚allerdings
904 602 1049 668 verleitet
1076 620 1136 669 uns
1165 600 1223 667 der

91 721 255 800 Umstand,
276 720 350 785 dass
374 719 430 784 wir
450 719 663 802 Leichtiglreit
679 721 735 786 der
753 719 961 802 Wortlogong
983 721 1158 800 cracaben,
1181 738 1225 787 no

92 840 148 907 der
171 840 312 918 dnsicht,
336 838 438 920 einige
461 837 568 904 Worte
591 838 678 904 seien
700 858 740 905 zu
762 839 883 923 rauh.“)

177 958 294 1026 Contra
322 974 448 1040 semper
476 974 573 1038 parva
601 957 720 1040 ellipsis
743 958 825 1026 inest
852 958 885 1025 in
914 959 953 1025 iis
980 958 1076 1039 locis,
1102 958 1222 1042 quibos

93 1078 253 1162 praecedit
274 1077 470 1142 enuntiatum
497 1076 683 1141 sententiam
706 1077 881 1160 exprimens
898 1075 1114 1144 affirmativam
1130 1084 1168 1144 ut
1184 1076 1225 1159 11,

99 1198 144 1278 15',
169 1200 208 1262 35
230 1195 336 1277 „Idem
359 1194 455 1261 sentit
466 1202 499 1260 et
515 1191 587 1260 linis
600 1195 659 1260 hoc
678 1196 770 1260 modo
789 1213 990 1278 conprensus,
1012 1196 1226 1278 „persuadere

93 1315 177 1398 quod
199 1315 372 1397 oporteat“,
393 1313 454 1380 nisi
475 1313 555 1395 quod
582 1321 680 1380 artem
703 1313 743 1380 ad
765 1315 880 1381 exitum
904 1314 1040 1397 alligat.“

178 1432 203 1514 1,
229 1432 259 1514 4,
282 1435 319 1513 93
341 1432 396 1512 ΙΙΙ,
419 1434 448 1511 6,
471 1433 528 1514 433
551 1430 587 1512 V,
615 1437 661 1514 ll,
688 1437 741 1517 173
763 1433 832 1513 Vll,
855 1435 885 1516 Ι,
908 1432 1092 1517 oe;1x,a,
1114 1435 1166 1498 tn.

182 1552 344 1634 Quomodo
368 1553 467 1619 oratio
490 1552 666 1634 supplenda
684 1553 734 1634 sit,
756 1552 846 1619 lacile
868 1553 1071 1636 intellegitur.
1115 1551 1225 1634 Finge,

96 1691 190 1740 voces
212 1673 298 1754 illas,
328 1671 461 1754 quaein
484 1671 644 1738 enuntiato
667 1672 830 1755 principali
852 1671 1034 1739 affirmative
1055 1689 1234 1754 expressae·

107 1801 190 1871 sunt,
212 1793 245 1860 in
280 1794 439 1857 enuntiato
466 1809 485 1857 a
513 1792 591 1887 „nisi
624 1792 726 1875 quod“
748 1793 902 1874 pendente
934 1791 1077 1873 negative
1103 1790 1226 1872 positae

102 1930 172 1978 esse
194 1911 243 1978 ael
273 1911 336 1977 tale
358 1911 507 1993 quiddam
529 1916 564 1976 ut
587 1911 848 1994 „discrepantiam
874 1911 967 1978 lacit‘
995 1915 1132 1988 exstare,
1160 1911 1225 1976 ianr

96 2032 227 2097 habebis
250 2030 435 2097 sententiam
458 2029 611 2112 expletam
633 2036 666 2096 et
687 2030 862 2112 perfectam.
885 2068 925 2081 -

184 2149 369 2231 „Tantum
393 2150 511 2231 quod“
534 2148 616 2232 apud
626 2147 851 2231 Quintilianum
863 2147 1139 2216 semelinvenitur:
1155 2147 1228 2230 Xll,

97 2271 127 2349 2,
149 2270 199 2350 31,
222 2268 250 2334 si
273 2269 376 2350 verba,
397 2274 432 2334 ut
449 2269 487 2334 ab
508 2267 633 2334 Halmio
658 2269 744 2336 edita
760 2274 841 2347 sunt,
863 2268 1038 2350 accipimus.
1063 2304 1102 2317 -
1124 2265 1227 2346 Quin·

99 2389 230 2455 tilianae
264 2394 430 2471 postquam
458 2387 536 2455 dixit
568 2388 685 2454 oratori
718 2406 845 2457 necesse
868 2406 937 2454 esse
969 2386 1131 2453 materiam
1162 2386 1227 2453 sibi

101 2525 226 2574 sumere
249 2506 411 2573 maximam
434 2525 589 2590 quamque
605 2525 642 2573 ac
663 2514 776 2573 natura
786 2507 1026 2591 pulcherrimam
1049 2513 1085 2571 ut
1101 2506 1140 2571 de
1162 2507 1227 2574 uir·

99 2633 184 2705 tute,
214 2626 252 2692 de
275 2625 449 2708 republica,
478 2625 517 2691 de
537 2625 746 2707 providentia,
768 2627 808 2692 de
830 2627 951 2710 origine
973 2627 1162 2705 animorum,
1185 2625 1228 2690 de

99 2745 246 2826 amicitia,
270 2762 371 2827 neque
394 2762 431 2809 ea
452 2743 553 2810 solum
576 2763 668 2812 nosse
681 2751 713 2812 et
731 2746 834 2813 animo
856 2762 980 2828 sempor
1000 2745 1128 2828 agitare,
1144 2762 1227 2825 quae

104 2866 219 2932 talibus
253 2863 424 2948 disciplinis
457 2865 689 2946 contineantur,
718 2866 774 2932 sed
807 2865 907 2948 magis
928 2863 1028 2931 'etiam
1060 2881 1140 2946 quae
1161 2863 1229 2929 sint

104 2984 219 3051 tradita
241 2985 412 3065 antiquitus
436 2982 518 3050 dicta
540 3003 576 3050 ao
598 2983 678 3050 lacta
699 2985 918 3066 praeclare,-
932 2982 1048 3067 pergit:
1071 2982 1226 3065 „Tantum

108 3104 191 3188 qaod
214 3122 277 3169 non
300 3103 433 3184 cognitis
455 3103 509 3170 ille
529 3105 625 3172 rebus
647 3104 855 3187 adquieverit,
877 3105 930 3187 qui
952 3122 1016 3169 non
1038 3103 1131 3169 modo
1152 3121 1227 3185 pro·

100 3223 218 3290 nimum
243 3229 366 3303 tempus
389 3223 551 3306 lucemque
573 3232 768 3307 praesentem
793 3223 907 3290 intueri
928 3223 1005 3290 satis
1027 3222 1149 3303 credat,
1171 3223 1229 3288 sed

103 3361 227 3408 onmem
249 3341 443 3424 posteritatis
465 3343 646 3409 memoriam
670 3345 804 3424 spatium
827 3344 909 3410 uitae
931 3342 1081 3408 honestae
1103 3346 1135 3407 et
1156 3358 1229 3407 cur·

106 3463 240 3530 riculum
263 3460 366 3528 laudis
394 3461 649 3528 existimet“....
677 3500 716 3512 -
747 3461 799 3530 Sic
825 3461 864 3530 ab
887 3461 1011 3528 Halmio
1039 3460 1115 3527 haec
1142 3458 1230 3527 edita

109 3589 191 3649 sunt.
234 3580 323 3648 Libri
346 3585 449 3647 autem
472 3580 621 3648 exhibent
643 3582 735 3649 haec:
767 3584 808 3649 B:
840 3587 959 3650 tantum
982 3581 1067 3664 quod
1088 3597 1150 3645 non
1173 3597 1229 3647 co·

111 3700 277 3786 gnatiside
290 3700 385 3767 rebus
407 3699 581 3780 admoveri;
605 3701 642 3767 b:
664 3706 785 3768 tantum
807 3703 891 3786 quod
913 3719 976 3767 non
998 3700 1123 3782 cognati
1145 3696 1231 3764 side-

103 3820 191 3889 ribus
219 3817 333 3886 odueri.
358 3851 398 3865 -
422 3817 622 3903 Spaldingius
652 3819 765 3903 edidit,
799 3821 839 3888 od
866 3821 1007 3887 codicum
1039 3817 1229 3900 scripturam

102 3938 243 4025 proxime
265 3936 432 4003 accedens:
454 3944 638 4023 tantumque
659 3959 722 4008 non
745 3941 885 4025 cognatis
907 3937 940 4004 id
961 3957 979 4005 e
1000 3936 1095 4004 rebus
1116 3935 1228 4003 admo·

101 4059 169 4131 neri
192 4057 287 4141 sciet,
319 4056 492 4128 Bonnellua
519 4058 552 4126 in
578 4060 636 4128 lex.
679 4059 785 4140 Quint.
817 4079 849 4147 p.
886 4061 949 4127 887
970 4055 1124 4127 coniecit:
1151 4063 1231 4126 tan·
