2610 4396
84 225 125 289 46

89 394 233 460 plenioris
262 396 375 460 aetatis
402 399 574 476 posuerunt
595 397 840 474 coniunctivnm,
867 363 1079 472 Quintilianus
1107 402 1221 464 contra

85 514 234 610 omnibus
256 513 333 579 locis
356 512 567 578 indicativum·
582 515 746 595 praetulit,
774 515 828 596 qui
856 515 967 581 modus
997 515 1086 590 VIII,
1116 521 1152 597 6,
1176 519 1218 583 52

86 633 281 711 supplendus
303 638 359 697 est.
384 618 424 678 ἶ-

84 931 90 941 ,
619 852 688 934 §⁷-
1025 927 1028 932 .

88 1114 96 1131 ι
151 1006 309 1099 Quippe.
363 1007 512 1100 Quippe
540 1010 614 1100 qui.
666 972 817 1101 'Quippe
844 1030 961 1121 oum..
997 1011 1048 1081 lIt
1074 1013 1152 1102 qul.

53 1172 56 1177 ⁵
173 1192 202 1271 1)
247 1174 330 1255 Usus
356 1186 537 1271 ,quippe“
563 1190 735 1272 particulae
757 1193 839 1271 apud
860 1191 1086 1268 Quintilianum
1106 1195 1218 1274 paucis

85 1309 207 1374 absolvi
229 1314 342 1389 potest
387 1309 496 1391 Neque
519 1310 601 1374 enim
626 1317 793 1390 usurpatur
811 1287 915 1376 nisiin
934 1313 1217 1392 enuntiationibus,

85 1428 118 1492 In
146 1428 260 1510 quibus
283 1429 367 1493 inest
392 1430 523 1494 verbum
553 1427 691 1504 finitum,
725 1429 807 1510 quod
837 1449 961 1511 semper
983 1432 1015 1494 in
1044 1431 1216 1499 Indicativo

86 1548 223 1628 positum
248 1552 305 1612 est.
350 1547 415 1613 Sic:
438 1549 460 1627 l,
487 1553 513 1626 l,
540 1553 553 1611 l
582 1549 716 1630 „quippe
737 1521 833 1614 idest
850 1549 967 1613 homini
990 1550 1152 1615 naturale¹⁴

170 1668 285 1732 Porro:
308 1666 331 1744 Ι,
361 1672 405 1742 ll,
430 1672 464 1745 55
486 1665 541 1745 XI,
565 1671 594 1745 3,
617 1669 668 1734 66.

171 1787 203 1863 2)
251 1784 423 1866 „Quippe
445 1786 529 1866 qui¹⁴
556 1785 651 1851 semel
675 1785 789 1866 legitur
808 1786 902 1868 idqne
924 1806 994 1852 cum
1018 1789 1216 1855 coniunctim

85 1903 301 1968 coniunctum:
324 1905 379 1982 lll,
407 1910 431 1981 l,
454 1906 473 1968 2
499 1904 584 1984 ,Nec
605 1924 675 1969 anm
697 1907 832 1987 ignarus,
857 1905 915 1970 hoc
937 1925 955 1970 a
973 1924 1022 1970 me
1035 1908 1213 1989 praecipue,

85 2023 170 2104 quod
194 2023 244 2086 hio
265 2022 346 2087 liber
367 2023 507 2113 inchoat,
542 2042 620 2105 opus
649 2024 821 2115 studiosos·
838 2023 905 2087 eins
933 2024 1145 2106 desiderasse,
1179 2032 1216 2092 ut

84 2122 287 2241 iuansitione
311 2143 502 2223 opinionum,
524 2143 858 2235 qnae'diversissimae
880 2141 1013 2220 fuerunt,
1037 2145 1129 2224 longe
1152 2145 1212 2209 dif-

84 2257 265 2340 ficillimum,
288 2260 332 2326 ita
354 2263 458 2328 nescio
472 2283 511 2327 an
529 2264 676 2327 minimae
693 2261 869 2342 legentibus
891 2261 1030 2326 futurum
1049 2262 1216 2345 voluptati,

84 2379 201 2459 qnippe
224 2377 309 2461 quod
332 2399 429 2461 prope
451 2381 565 2446 nudam
597 2388 832 2463 praeceptorum
861 2381 1059 2446 traditionem
1084 2358 1213 2448 deside

84 2466 273 2561 ret“....'

171 2617 204 2696 3)
251 2614 424 2697 ,Quippe
445 2584 545 2682 csrml‘
571 2617 668 2691 semel
690 2616 787 2682 habet
808 2616 1034 2695 Quintilianus:
1057 2619 1094 2699 X,
1121 2624 1147 2698 l,
1170 2621 1213 2687 38

86 2731 168 2812 „Sed
192 2719 507 2817 persequi'singnlos
530 2733 643 2801 infiniti
664 2737 760 2802 inerit
782 2738 895 2821 operis.
939 2737 1062 2819 Quippe
1084 2756 1155 2803 enm
1178 2739 1214 2806 in

84 2851 183 2918 Bruto
212 2855 254 2918 Μ.
282 2854 403 2920 Tullius
432 2860 481 2921 tot
514 2855 642 2921 milibus
670 2874 816 2922 versuum
845 2856 884 2920 de
913 2857 1060 2922 Romanis
1087 2863 1213 2925 tantum

85 2974 264 3040 oratoribus
287 2975 432 3057 loquatur
454 2978 503 3039 et“
519 3023 589 3040 ....

170 3082 204 3175 4)
252 3093 321 3172 „Ut
349 3093 455 3175 qui“;
479 3093 560 3175 quod
595 3095 724 3173 praebet
756 3098 943 3161 sententiam
968 3095 1028 3175 ,da
1049 3096 1102 3177 ja¹⁴
1128 3096 1212 3176 apud

86 3209 312 3295 Quintilianum
335 3213 494 3279 invenitur
516 3213 672 3279 undecies.
705 3213 784 3279 .Sic:
814 3214 888 3294 1,2‚
918 3217 952 3279 19
975 3214 1115 3294 ,Deinde
1138 3232 1213 3285 cum

43 3324 55 3341 '
84 3330 273 3412 proferenda
294 3337 369 3397 sunt
378 3330 505 3412 studio,
525 3332 640 3413 caligat
651 3332 683 3396 in
703 3332 768 3398 sole
786 3334 946 3430 etomnia
968 3352 1051 3400 novo
1073 3332 1214 3414 offendit,

83 3450 194 3533 utqui
217 3449 303 3517 solus
326 3450 471 3516 didIcerit
492 3450 575 3532 quod
597 3450 680 3517 Inter
701 3451 817 3517 multos
840 3451 1106 3518 laciendumest.“

171 3568 248 3633 ltem
275 3573 335 3648 ,ut
356 3570 440 3650 qni“
465 3568 588 3650 (sing.):
611 3569 648 3650 x,
673 3575 700 3650 l,
723 3574 779 3648 573
804 3577 829 3648 l,
853 3573 909 3654 743
930 3570 983 3651 ill,
1007 3576 1034 3649 3,
1059 3572 1107 3636 53.

173 3687 243 3766 ,Ut
264 3688 345 3770 qui“
371 3687 492 3770 (plur.):
514 3686 554 3769 V,
579 3690 627 3767 14,
649 3690 700 3754 28.
865 3752 868 3757 .

120 3844 130 3861 .
173 3806 241 3885 „ut
263 3782 378 3891 ,lte
405 3808 526 3891 (stupu
547 3806 605 3888 111,
628 3809 657 3886 5,
679 3810 714 3889 o;
736 3807 805 3889 xri,
828 3813 858 3887 a,
879 3809 931 3875 ao.

173 3924 243 4004 ,Ut
264 3925 401 4009 qnod‘:
424 3925 507 4004 Vlll,
531 3928 560 4004 3,
587 3927 639 4004 123
662 3926 746 4009 VIII,
767 3931 797 3992 4.
824 3930 870 3993 16.

173 4043 243 4123 ,Ut
264 4046 462 4126 quorum“:
485 4045 522 4125 x,
544 4046 575 4127 2,
601 4048 648 4113 13.
