2610 4396
136 162 180 239 it

152 409 155 416 s
224 347 348 437 „0b“¹)
369 356 406 434 X,
432 361 457 436 Ι,
479 357 521 422 80
542 345 643 437 ,Quin
658 346 761 428 ‘etiam
778 361 932 428 Phalerea
950 361 1040 429 illum
1053 363 1267 446 Demetrium,

138 485 323 554 quamquam
345 477 372 544 is
394 478 513 560 primm
541 478 709 548 inclinasse
737 482 945 567 eloquentiam
968 481 1098 562 dicitur,
1131 485 1268 551 multum

95 655 97 659 ,
138 588 254 670 ingenii
276 593 424 664 habuisse
447 602 478 663 et
499 597 660 665 facundiae
680 599 789 682 fateor,
812 603 861 668 vel
882 604 922 668 ob
946 604 1007 668 hoo
1041 602 1196 669 memoria
1218 603 1267 670 ui-

139 727 244 792 gnum,
255 715 338 794 quod
350 717 478 784 ultimus
495 723 545 784 est
555 717 618 784 lere
630 739 668 786 ex
680 722 799 800 Atticis,
811 723 865 804 qrsr
877 721 937 787 dici
948 723 1050 803 possit
1059 724 1187 789 orator“
1202 771 1211 787 .
1224 770 1251 790 ..

227 832 351 913 ,Per“:
379 834 424 914 ΙΙ,
450 838 501 914 l'l,
525 836 566 902 30
592 839 655 918 ,ita
677 841 727 906 vel
749 860 806 922 per
827 842 888 906 hoo
909 859 972 907 uon
994 858 1064 906 esse
1086 845 1189 907 artem
1213 842 1267 924 (sc

139 950 343 1035 rhetoricen),
365 956 448 1038 quod
469 974 532 1021 non
546 1023 549 1030 ,
562 957 695 1025 dicenda
721 961 905 1045 praecipiat,
927 960 976 1024 vel
998 978 1054 1040 per
1076 960 1148 1039 hoc,
1171 960 1269 1042 quod,

139 1087 209 1136 cum
232 1073 362 1140 dicenda
384 1079 588 1157 praeceperit,
610 1080 704 1144 etiam
727 1080 883 1146 contario
904 1078 955 1143 his
978 1078 1116 1144 doceat.“

228 1191 438 1273 ,Praeter“:
461 1194 518 1273 ΙΙΙ,
543 1197 572 1276 8,
594 1199 636 1262 40
660 1198 758 1277 ,Nam
779 1202 904 1280 praeter
925 1197 968 1275 id,
989 1196 1074 1279 quod
1096 1196 1148 1263 hie
1172 1196 1269 1264 levis·

124 1311 211 1382 ,simi
234 1313 381 1395 cuiusque
405 1314 526 1379 animus
547 1314 691 1381 facillime
712 1322 858 1394 terretur,
881 1318 985 1383 nescio
1008 1317 1066 1380 an“

226 1431 262 1514 V,
290 1434 336 1510 10,
359 1435 413 1510 453
437 1432 474 1512 X,
501 1439 526 1511 Ι,
547 1435 604 1513 283
629 1439 656 1513 2,
680 1438 736 1513 263
759 1438 789 1516 3,
811 1439 905 1501 6.-

227 1552 520 1635 ,Praeterquam
543 1554 664 1636 quod“
688 1574 751 1620 non
772 1555 938 1622 invenitur.

227 1671 449 1752 ,Propter“:
477 1669 520 1750 ΙΙ,
544 1675 576 1750 5,
604 1676 640 1738 10
665 1654 807 1756 ,-quae
835 1693 897 1739 non
925 1673 1097 1739 laudantur
1125 1672 1221 1738 modo
1249 1691 1269 1739 a

138 1789 305 1873 plerisque,
329 1789 395 1868 sed,
415 1788 500 1871 quod
522 1796 570 1856 est
592 1791 696 1872 peius,
719 1798 848 1874 propter
868 1792 927 1857 hoc
949 1791 1061 1872 ipsum,
1084 1790 1170 1872 quod
1192 1798 1269 1858 sunt

137 1926 242 1988 prava,
264 1907 459 1974 laudantur.“

223 2028 264 2108 ΙΙ,
290 2027 336 2107 12,
359 2029 395 2104 63
417 2026 472 2106 ΙΙΙ,
495 2028 524 2103 8,
540 2028 597 2106 44;
620 2027 671 2108 VI,
688 2029 830 2096 Prooem.
848 2030 993 2107 loet163
1018 2027 1102 2108 VIII,
1121 2028 1268 2095 Prooem.

140 2147 453 2228 233x11,9,6.-

222 2271 255 2351 β)
302 2265 389 2346 ,Nisi
411 2265 534 2348 quod“;
556 2271 695 2346 „tantum
718 2265 836 2348 quod“;
859 2269 1004 2346 „excepto
1026 2266 1139 2346 quod“.

224 2384 328 2466 „Nisi
351 2372 469 2464 quod“
496 2385 578 2464 apud
602 2384 827 2461 Quintilianum
851 2391 900 2450 ter
926 2384 1031 2449 decies
1058 2383 1191 2463 legimus
1213 2384 1265 2449 id·

135 2522 196 2588 que
218 2509 292 2585 post
310 2502 495 2569 sententiam
519 2501 702 2569 affirmative
723 2521 899 2584 expressam
918 2503 1028 2583 sexies,
1052 2503 1169 2583 septies
1192 2508 1267 2584 post

137 2625 345 2701 enuntiatum,
372 2621 405 2686 in
427 2640 488 2704 quo
512 2623 668 2688 sententia
699 2622 781 2688 inest
808 2624 959 2705 negativa.
1004 2623 1064 2704 De,
1080 2622 1110 2687 vi
1139 2639 1176 2686 ao
1205 2641 1266 2704 po-

136 2747 251 2808 testate
273 2740 366 2807 huius
389 2740 535 2806 dictionis
557 2747 643 2806 recte
671 2741 821 2832 disseruit
843 2740 971 2807 Wexius
994 2741 1033 2806 ad
1055 2739 1127 2804 Tac.
1157 2741 1264 2820 Agric.

136 2860 193 2927 VI:
223 2862 311 2942 „Nisi
341 2860 442 2942 quod“
469 2861 577 2925 dicunt
606 2860 724 2938 Latini,
753 2877 824 2925 cum
858 2860 995 2925 limitent
1028 2858 1265 2940 pronuntiatam

136 2981 271 3061 aliquam
299 2980 504 3059 sententiam,
533 2979 577 3045 ita
597 2985 635 3046 ut
655 2978 738 3063 quod
766 2978 914 3044 universe
936 2985 968 3044 et
996 2962 1148 3043 absolute
1163 2995 1265 3043 enun-

136 3101 247 3166 tiatum
270 3105 329 3180 est,
351 3101 565 3181 exceptionem
584 3099 720 3181 aliquam
732 3099 849 3190 habere
864 3104 897 3162 et
913 3096 1111 3179 aliquatenus
1133 3098 1266 3163 restrin-

136 3220 274 3300 gendum
296 3237 365 3285 esse
386 3219 552 3284 adiciant“
594 3217 653 3284 Sic.
678 3218 730 3299 lX,
754 3223 782 3297 2,
805 3219 861 3282 59:
884 3216 965 3297 „Sed
982 3221 1163 3282 nostrorum
1185 3233 1262 3300 quo·

136 3355 198 3420 que
220 3337 374 3403 dictorum
396 3336 611 3419 factorumque
632 3319 744 3404 similis
767 3336 899 3403 imitatio
923 3342 973 3402 est
991 3354 1048 3417 per
1067 3334 1265 3413 relationem,

136 3457 198 3522 nisi
231 3455 313 3538 quod
340 3454 537 3538 frequentius
569 3456 733 3521 adseverat
759 3473 851 3538 quam
880 3454 992 3521 eludit:
1021 3453 1181 3546 „dicebam
1203 3452 1264 3519 lra-

137 3577 212 3641 bere
235 3593 289 3641 eos
317 3579 455 3641 actorem
478 3575 513 3651 Q.
537 3572 737 3640 Caeciliumt
778 3574 948 3639 Enuutiato
978 3591 1035 3654 per
1057 3572 1138 3652 „nisi
1158 3572 1265 3656 quod“

205 3811 229 3878 ¹)
246 3808 394 3880 Eruntiata
417 3809 586 3877 secundaria,
604 3824 673 3878 quae
695 3813 816 3878 spectant
833 3807 869 3863 ad
893 3806 1052 3863 omrelatina
1069 3811 1131 3877 post
1147 3818 1265 3875 proepo-

137 3894 250 3952 sitiones
268 3897 338 3964 ,ob‘⁴
356 3898 436 3965 „per‘
455 3898 596 3965 ..propter‘
614 3893 710 3964 posita,
721 3893 938 3951 camamauerro
950 3891 1077 3959 concedo,
1094 3898 1266 3971 termemeno!

137 3979 304 4123 :ilffiillutl
321 3978 511 4093 eor-relativum
529 3979 670 4089 explicent,
686 3979 740 4034 hoc
756 3978 816 4089 loco
835 3991 1022 4085 commemoro,
1041 3992 1075 4034 ue
1093 3977 1154 4046 quis
1168 3991 1201 4033 ea
1219 3976 1267 4034 clo·
