2610 4396
1139 172 1183 246 ar
1224 282 1226 287 ,

139 343 321 416 Ablativi
343 351 432 414 aunt:
455 342 523 428 vn,
540 347 571 426 4,
591 351 610 412 2
635 347 754 427 „-sed
772 347 805 412 in
817 347 1038 415 controversiis
1060 366 1183 432 quoque

55 474 129 536 sunt
149 467 333 550 frequentia,
356 468 416 533 hae
437 468 504 533 sola
526 465 710 554 littoream,
733 466 816 550 quod
839 466 905 534 illio
927 467 967 534 de
986 465 1110 550 roonis,
1131 466 1184 534 hie

54 588 96 654 de
117 587 205 655 factis
228 586 360 670 agitur.“
911 633 914 637 .
1003 629 1005 632 -
1083 630 1086 639 ·
1134 628 1149 638 -ι

141 706 256 771 Porro:
281 706 306 782 l,
334 703 514 787 ra,e;1v‚
538 701 1183 789 5,2;V1‚1,1732,14;v111,t,58;

54 822 1145 906 lx,1,3;4,15;x‚1‚28;1,29;X1,2,123X11,1,5.-'-

140 945 174 1027 β]
218 941 504 1009 Demonstrativum
528 942 686 1024 quotidem
709 943 863 1009 annullati
885 942 1067 1027 principalia
1088 941 1185 1026 expli-

54 1068 153 1129 catur.

143 1180 171 1245 N
181 1179 408 1247 ominatiiii:
433 1179 495 1260 „ld
518 1180 659 1263 quo(l“:
686 1180 727 1262 Il,
749 1182 780 1262 2,
802 1185 820 1247 7
847 1200 980 1261 „-nam
1002 1181 1034 1247 id
1057 1182 1185 1266 quidein

58 1301 173 1366 multos
198 1319 217 1365 a
238 1299 401 1381 proposito
425 1299 571 1365 studendi
591 1300 686 1382 fugat,
709 1299 930 1383 quodquidam
948 1301 993 1369 sie
1010 1301 1186 1385 obiurgant,

55 1420 147 1503 quasi
169 1418 321 1485 oderintl

144 1539 258 1605 Porro:
281 1537 318 1617 V,
345 1540 392 1620 10,
416 1539 466 1604 84.

146 1658 211 1740 „id
235 1657 365 1724 solum
388 1659 526 1740 quod“:
550 1657 607 1740 lx,
630 1660 664 1739 2,
690 1661 743 1724 101
773 1658 829 1740 „io
852 1659 936 1726 enim
957 1659 1061 1726 solum
1081 1665 1185 1726 muta·

55 1784 123 1858 tur,
159 1777 241 1860 quod
263 1795 325 1842 non
347 1779 492 1845 universa
514 1778 684 1856 universis,
700 1774 767 1845 ‘sed
791 1779 1067 1863 smgmasingulis
1089 1798 1187 1863 oppo-

55 1898 204 1962 nuntur.“

146 2015 209 2096 „id
238 2016 365 2098 ipsum
392 2018 528 2109 quorl“:
552 2017 666 2099 111,2,
692 2021 728 2081 16
761 2017 922 2100 „Namque
942 2036 996 2084 eos
1024 2019 1128 2102 gravis
1156 2023 1188 2085 et

56 2134 273 2201 intolerabiles
296 2136 329 2200 id
352 2135 458 2217 ipsum
482 2137 684 2218 demonstrat,
707 2139 789 2219 quod
812 2137 1032 2204 redimus“...
1154 2156 1156 2161 ·

147 2253 248 2334 „Hoc
268 2255 409 2336 quod“:
432 2255 502 2336 Vll,
525 2257 555 2336 8,
581 2262 591 2318 l
620 2295 659 2306 -
686 2233 760 2337 „sed
783 2257 842 2322 hoo
859 2256 998 2337 interest,
1020 2255 1104 2338 quod
1120 2255 1187 2324 illio

60 2372 176 2439 dieitur
198 2379 310 2440 contra
333 2375 493 2457 seriptum,
515 2375 567 2441 hie
589 2394 684 2458 supra
707 2377 937 2458 scriptum“...

147 2494 261 2560 Porro:
283 2494 367 2573 VIII,
391 2499 419 2573 5,
444 2494 605 2579 305V111,
629 2499 658 2576 6,
682 2499 736 2575 583
758 2495 811 2574 IX,
832 2498 862 2578 4,
883 2498 942 2575 48;
963 2494 1031 2578 XII,
1053 2495 1082 2577 3,
1104 2499 1132 2561 3.
1145 2529 1185 2543 -

151 2613 456 2682 Commemoratione
485 2616 688 2699 dignissimus
710 2621 758 2682 est
779 2616 865 2682 loeus
887 2616 960 2698 Vll,
988 2618 1023 2696 2,
1050 2616 1105 2696 30,
1131 2615 1187 2682 ubi

61 2751 237 2814 pronomen
272 2734 550 2801 demonstrativum
585 2754 642 2817 per
674 2736 891 2801 attractionem
929 2734 1084 2818 quandam
1117 2753 1187 2801 eum

68 2852 237 2936 praedicati
265 2855 393 2920 nomine
421 2853 779 2950 colligatum-legimns:
808 2861 903 2936 „—et
933 2856 1014 2922 hano
1041 2853 1191 2920 fiduciam

63 2972 163 3039 inisse
185 2975 421 3041 accusatoribus
444 2973 523 3040 ielsa
544 2974 715 3052 obiciendi,
737 2975 820 3057 quod
847 2974 968 3041 laesum
989 2978 1021 3040 et
1041 2972 1188 3040 vulnera·

64 3097 131 3158 tum
155 3112 242 3159 reum
272 3095 467 3176 speraverint
486 3093 546 3159 hac
568 3094 684 3160 invidia
712 3095 845 3177 opprimi
867 3095 989 3177 posse.“
1033 3093 1189 3161 Usitatiua

65 3209 140 3277 fuit:
168 3218 219 3291 „et
241 3213 310 3291 hoe,
332 3214 415 3296 quod
497 3214 699 3295 operaverint,
721 3211 867 3280 fiduciam
889 3214 1004 3282 fuisse“
1109 3205 1190 3278 Gond

64 3329 115 3398 ier
136 3330 189 3412 IX,
213 3335 241 3412 4,
267 3335 308 3409 ῆο
333 3332 433 3411 „Sunt
454 3340 485 3397 et
506 3332 563 3399 illa
584 3333 780 3414 discrimina,
807 3333 889 3416 qnod
912 3330 1191 3418 rhythmi'alibero

64 3451 175 3533 spatia,
198 3453 306 3518 metris
328 3450 416 3518 finito
438 3455 529 3518 sunt“
543 3487 641 3518 ...-

154 3571 251 3652 „Hoe
273 3571 398 3654 ipsum
421 3571 556 3653 quom:
578 3572 638 3653 Ill,
660 3573 695 3654 2,
721 3572 740 3637 3
765 3571 847 3654 „Sed
876 3572 937 3670 hoe
955 3570 1081 3653 ipsum,
1108 3568 1191 3654 quod

63 3695 152 3756 tanto
188 3689 357 3757 faciliorem
387 3692 478 3758 nobis
507 3691 662 3757 rationem
695 3709 798 3757 rerum
832 3691 970 3757 omnium
997 3688 1071 3757 iacit
1098 3697 1191 3774 quam

61 3808 181 3876 initiis
182 3858 270 3890 .....
293 3812 413 3876 nocet.“

99 3956 101 3961 ¹
152 3928 439 4013 „111udqu0d“:
466 3929 496 4012 i,
519 3933 554 4009 7,
574 3929 615 3995 27
640 3929 740 4011 „iilud
757 3945 842 3995 nunc
864 3926 987 4008 melina,
1003 3917 1188 4011 quotl'mu'r‘

62 4050 165 4118 tribua
187 4051 378 4136 quas-posui
399 4049 513 4118 litteris
535 4050 720 4119 onotamaa“
1026 4098 1030 4103 .
1059 4115 1087 4166 a
1185 4074 1190 4079 -
1226 4070 1231 4076 -
