2610 4396
1150 133 1191 207 ll

56 310 91 383 3.
145 309 233 383 lion
259 308 361 401 quia,
376 315 473 395 (nen
490 309 624 400 qnod),
650 328 727 380 non
754 308 959 400 quianon,
986 329 1064 383 non
1085 309 1187 401 quin.

143 478 176 542 ln
199 477 381 542 universum
411 474 574 541 dicendum
597 480 646 540 est
668 493 749 556 „non
772 477 851 558 qu0“
875 475 972 559 (quod
994 475 1078 558 apud
1101 474 1182 542 Oine·

56 615 165 662 runem
194 595 432 662 usitatissimum
457 595 517 675 est)
540 595 588 659 vel
612 613 693 672 „uon
721 597 888 676 quoniam“
911 596 996 679 apud
1021 595 1187 672 Quintilia-

58 734 134 782 num
157 714 283 780 nmniun
307 731 368 778 non
389 714 530 779 inveniri.
575 713 663 792 „Non
691 711 791 793 qu0d“
821 713 936 796 legitur
963 715 1078 793 semel,
1107 732 1189 795 „non

57 836 149 919 qnia“
171 833 272 900 sexies
292 832 414 911 denies,
442 849 525 912 „non
547 832 620 914 quia
642 834 723 898 n0n“
755 832 873 912 denies,
901 833 950 900 bis
974 852 1056 914 „non
1085 834 1191 917 quin“.

57 956 107 1021 De
129 955 207 1037 lege,
229 971 292 1036 qua
314 971 391 1019 usus
415 951 580 1017 modorum
602 951 635 1016 in
658 951 707 1016 his
726 952 959 1039 elocutionibus
981 952 1110 1037 regitur,
1133 970 1189 1034 op·

57 1076 135 1140 tinne
157 1073 306 1140 disseruit
328 1073 484 1139 Reussius
506 1071 569 1154 (ll.
583 1090 611 1152 p.
631 1073 695 1151 ill:
719 1069 772 1152 „Si
795 1073 878 1137 enim
902 1073 1005 1155 aliqua
1026 1091 1087 1152 res,
1110 1089 1191 1153 quae

58 1211 117 1274 per
139 1210 173 1258 se
196 1192 280 1258 iusta
302 1210 337 1256 ae
361 1208 438 1256 vera
458 1190 508 1255 vel
530 1195 579 1254 est
600 1189 650 1254 vel
674 1195 756 1255 certe
779 1190 924 1269 habetur,
947 1210 1041 1257 causa
1059 1190 1189 1256 alieuius

58 1312 105 1376 rei
125 1329 194 1376 esse
211 1315 353 1392 negatur,
367 1309 566 1376 indicativus
584 1308 715 1389 (seilicet
733 1316 862 1390 excepta
879 1309 1020 1375 oratione
1040 1309 1189 1392 obliqua),

57 1433 108 1497 sin
139 1437 243 1499 autem
267 1429 382 1513 aliquid
412 1433 533 1494 tantum
562 1427 689 1509 cogitati
719 1435 750 1493 et
777 1428 867 1512 quasi
895 1449 953 1512 per
979 1430 1190 1495 coniecturam

57 1551 187 1631 inventi,
210 1549 427 1616 coniunctivus
449 1548 648 1614 adhibendus
671 1550 747 1614 est.“

145 1672 176 1749 a)
220 1668 425 1734 indicativum
449 1673 521 1749 post
542 1686 621 1746 „nnn
645 1667 739 1750 quia“
768 1668 817 1733 bis
840 1667 990 1748 legimus,
1011 1673 1044 1732 et
1066 1667 1192 1734 duobus

56 1789 136 1856 loeis
158 1788 218 1864 lex,
241 1804 334 1869 quam
358 1787 449 1853 modo
471 1785 700 1866 constituimus,
720 1760 944 1869 neglecta‘est.

145 1907 179 1986 ll,
201 1908 231 1984 4,
255 1909 295 1970 30
318 1923 451 1985 ,‚-eum
473 1924 510 1970 eo
533 1903 669 1986 quidem,
692 1886 839 1988 quodvix
856 1904 941 1970 ullus
960 1909 1008 1972 est
1025 1909 1088 1971 tam
1107 1923 1192 1970 eom-

59 2027 164 2091 munis
186 2025 283 2104 locus,
305 2025 359 2109 qui
382 2025 482 2106 possit
505 2025 676 2091 cohaerere
699 2042 768 2088 cnm
792 2042 885 2089 nausa
906 2026 965 2090 nisi
989 2026 1093 2109 aliqua
1116 2043 1190 2107 prn-

59 2146 148 2227 priae
169 2145 366 2226 quaestionis
389 2144 511 2209 vinculo
536 2145 700 2225 copulatus
723 2148 887 2227 (appareat
909 2144 1026 2225 alioqui
1043 2162 1107 2209 non
1125 2149 1189 2210 tam

58 2264 212 2329 insertum
235 2281 328 2346 quam
352 2261 559 2346 adplinituvn),
582 2263 630 2328 vel
647 2262 731 2346 quud
753 2263 916 2329 dissimilis
935 2268 984 2328 est
1001 2263 1124 2341 ceteris,
1141 2263 1191 2328 vel

58 2381 144 2464 quod
173 2381 358 2462 plerumque
393 2380 515 2445 adsumi
550 2382 642 2445 etiam
671 2399 780 2463 parum
804 2388 877 2464 apte
906 2382 999 2461 solet,
1027 2380 1193 2462 nunquia

58 2499 267 2577 desideratur,
290 2500 345 2565 sed
365 2500 439 2580 quia
456 2505 584 2581 paratus
608 2504 674 2567 est“
688 2549 694 2562 .
708 2554 714 2567 .
728 2552 755 2566 ..
779 2537 820 2548 -
843 2503 985 2583 Apparet
1004 2500 1192 2567 sententiam

58 2636 130 2685 esse
152 2620 248 2685 hane:
270 2619 446 2684 communis
470 2621 555 2684 loeus
579 2638 641 2684 nun
665 2621 873 2687 desideratur.

147 2738 179 2816 ll,
208 2740 253 2816 li,
277 2740 295 2802 9
319 2774 360 2784 -
385 2756 475 2816 „nam
500 2745 532 2802 et
554 2738 667 2804 vulnus
695 2738 843 2820 deligavit
865 2739 993 2821 aliquia,
1022 2745 1190 2820 antequam

59 2860 138 2924 haee
160 2875 211 2923 ars
235 2863 328 2935 esset,
352 2864 383 2923 et
404 2857 524 2925 febrem
547 2857 654 2938 quiete
677 2861 708 2921 et
732 2858 936 2935 abstinentia,
960 2877 1021 2923 non
1043 2859 1117 2940 quia
1138 2877 1191 2924 ra·

61 2979 182 3044 tionem
206 2977 348 3057 videbat,
382 2978 437 3043 sed
470 2979 544 3058 quia
566 2977 598 3040 id
621 2977 767 3042 valetudo
795 2977 863 3058 ipsa
892 2978 1039 3060 cogebat,
1067 2977 1192 3060 mitiga·

59 3097 132 3162 vit“.
178 3094 341 3162 Sententia
364 3101 428 3161 est:
453 3096 605 3161 rationem
628 3114 691 3160 non
713 3095 849 3160 videbat.

146 3215 266 3297 ltaque,
277 3233 346 3280 eum
358 3215 464 3280 verbis
475 3215 537 3278 illis
556 3213 800 3294 „desideratur“‚
813 3221 845 3278 et
859 3184 1029 3295 „rationem
1048 3215 1192 3279 videbat“

59 3333 189 3416 aliquid,
211 3334 295 3415 quod
319 3333 477 3415 cogitatur
499 3333 548 3397 vel
566 3332 744 3398 con'e'ctura
765 3334 924 3400 inventum
949 3340 1004 3411 est,
1028 3333 1194 3410 indicetur,

59 3452 293 3519 coniunctivum
329 3469 404 3517 sane
440 3455 671 3535 exspectantus3
703 3451 914 3529 Quintilianus
943 3459 1046 3515 tannen
1075 3449 1193 3516 indica-

60 3571 161 3638 tivum
184 3571 316 3652 pontu),
346 3571 460 3651 quippe
483 3571 535 3650 qui
566 3570 751 3650 simpliciter
773 3589 840 3634 rem
869 3574 975 3634 narret
996 3586 1053 3634 nec
1082 3567 1192 3634 falsam

59 3707 186 3756 eausam
216 3688 349 3770 supponi
372 3705 466 3768 posse
496 3687 661 3753 existimet
707 3687 797 3764 Quod
820 3688 892 3752 licet
919 3687 1034 3752 rationi
1057 3706 1120 3752 nun
1142 3706 1193 3753 re-

582 3808 610 3847 0·

131 3926 153 3990 ι)
171 3923 213 3978 De
229 3923 282 3978 hou
303 3922 441 3978 indicativi
465 3928 527 3991 post
545 3938 616 3989 „non
640 3920 722 3988 quia“
742 3938 792 3976 usu
810 3921 882 3991 apud
901 3922 971 3977 alins
996 3923 1145 3989 scripturae
1160 3922 1202 3970 et,

59 4010 191 4078 Dranger:
209 4007 311 4064 Hister.
331 4007 405 4076 Synt
424 4007 449 4061 d.
467 4008 515 4064 lat.
533 4007 597 4078 Spr.
614 4007 644 4062 ll
661 4023 690 4075 p,
705 4007 770 4061 dian.
