2610 4396
89 214 130 309 u

86 404 255 494 „Constitit
277 415 382 480 auteni
404 410 469 478 iere
490 412 574 479 inter
596 429 721 492 omnes,
744 411 793 494 id,
815 408 847 477 in
870 431 931 496 quo
954 404 1123 496 prudentia
1145 430 1219 481 ver·

86 538 219 613 sanetur,
242 539 273 598 et
296 533 381 616 quod
404 533 529 615 assequi
551 532 662 610 vellet,
686 537 795 614 aptum
817 537 849 605 et
869 533 1134 600 accommodatum
1158 554 1219 601 na·

86 657 176 717 turae
199 670 268 718 esse
293 657 449 733 oportere,
472 659 504 717 et
526 652 605 728 tale,
628 656 662 716 ut
683 651 787 732 ipsum
808 669 866 733 per
888 669 923 718 se
945 653 1090 719 invitaret
1115 660 1147 719 et
1168 655 1218 719 al-

84 767 197 835 liceret
219 771 394 853 appetitum
423 770 599 834 animi‘...
627 769 696 834 Hoc
718 786 841 852 quoque
864 771 933 836 loco
956 789 1064 839 omnes
1092 773 1216 842 codices

83 879 291 955 indicativum
315 889 463 953 exhibent
486 893 516 952 et
540 886 732 970 intellegitur
753 908 771 954 e
793 889 889 955 totius
912 890 1063 956 enuntiati
1092 893 1217 960 confor-

86 1009 225 1074 matione
249 1007 478 1072 coniunctivum
501 1007 703 1087 potentialem
726 1007 825 1074 locum
849 1010 967 1074 habere
990 1029 1052 1076 non
1074 1029 1177 1092 posse.

171 1126 347 1209 Aliquoties
362 1127 449 1193 verbi
462 1129 567 1206 „esse“
580 1124 698 1191 formae
709 1128 741 1190 iu
754 1127 1022 1196 enuntiationibus
1038 1147 1095 1210 per
1106 1131 1219 1212 ‚,quia“

85 1244 271 1311 introductis
294 1244 485 1326 supplendae
509 1252 590 1311 sunt.
637 1243 687 1309 Sic
710 1247 795 1323 „est“
813 1247 1068 1327 praetermissum
1094 1256 1144 1315 est
1161 1249 1218 1330 ΙΙΙ,

89 1369 137 1442 ll,
163 1369 217 1441 ll;
242 1363 302 1442 Vll,
326 1366 354 1443 8,
379 1366 416 1442 63
444 1365 558 1443 „sunt‘
580 1362 605 1443 Ι,
629 1365 656 1441 5,
682 1364 729 1428 29.
775 1364 908 1431 Formae
930 1367 1114 1448 verborum,
1136 1384 1218 1451 quae

85 1482 117 1548 in
142 1482 313 1549 enuntiatis
336 1485 494 1566 primariis
512 1483 634 1565 positae
649 1489 733 1564 sunt,
752 1485 784 1548 in
807 1486 1079 1579 enuntiationibus
1102 1505 1214 1553 secun·

86 1603 181 1668 dariis
205 1603 340 1670 omissae
362 1596 452 1670 sunt':
475 1603 511 1681 V,
538 1609 584 1681 10,
609 1604 650 1668 39
669 1602 838 1684 „privatam
866 1603 1028 1685 pecuniam
1047 1607 1216 1688 sustulisti,

85 1741 194 1788 verum
218 1724 292 1805 quia
314 1723 354 1788 de
376 1723 495 1804 templo
518 1723 575 1804 (sc.
598 1721 777 1803 sustulisti),
801 1723 1017 1803 nonfurtum,
1040 1724 1095 1789 sed
1118 1728 1216 1791 sacri·

86 1841 203 1923 legium
228 1843 354 1908 est“...
379 1846 434 1906 etc.
481 1842 578 1908 Paulo
601 1841 735 1908 liberius
764 1843 913 1924 scriptum
937 1849 1000 1909 est:
1023 1842 1065 1921 V,
1094 1849 1146 1924 ll,
1175 1847 1217 1911 35

88 1997 127 2008 -
151 1979 242 2042 „nec,
271 1962 297 2026 si
323 1960 418 2027 mutis
440 1959 511 2027 finis
533 1962 693 2044 voluptas,
726 1961 931 2028 rationalibus
954 1981 1091 2046 quoque:
1121 1963 1216 2032 immo

88 2099 124 2146 ex
144 2079 314 2146 contrario:
338 2079 410 2162 quia
432 2079 527 2146 mutis
551 2081 605 2164 (sc.
629 2079 700 2146 finis
722 2068 868 2163 voluptas
891 2083 961 2164 est),
984 2081 1054 2147 ideo
1076 2101 1139 2148 non
1162 2102 1215 2150 ra·

87 2198 285 2267 tionalibus“.

467 2374 503 2446 2.
559 2372 845 2447 Coniunctivus.

172 2540 370 2608 Coniunctivi
399 2540 484 2607 modi
514 2540 670 2620 exempla,
698 2540 753 2605 ubi
775 2546 847 2621 post
869 2541 979 2626 „quia“
1002 2542 1215 2623 inveniuntur,

89 2659 239 2728 orationis
273 2659 421 2741 obliquae
453 2658 575 2725 ratione
597 2664 652 2725 aut
678 2660 739 2726 alia
766 2678 862 2726 causa
891 2660 980 2727 facile
1011 2661 1215 2743 explicantur.

89 2780 158 2847 Duo
181 2784 285 2845 tamen
308 2777 435 2844 afferam
460 2778 610 2860 exempla,
633 2778 688 2842 ubi
705 2797 762 2860 pro
784 2779 989 2860 coniunctim,
1011 2780 1113 2862 quiin
1131 2781 1216 2846 codi-

86 2900 175 2966 cibus
204 2902 318 2976 exatat,
346 2895 490 2962 Halmius
517 2898 550 2961 in
580 2896 779 2963 adnotatione
812 2897 1012 2966 indicativum
1040 2900 1215 2982 proposuit,

87 3019 175 3084 cuius
198 3017 245 3083 rei
267 3035 393 3083 causam
418 3015 562 3098 equidem
585 3033 647 3081 non
669 3016 827 3098 intellego.

70 3124 73 3130 ’
171 3136 232 3218 Vll,
255 3139 283 3216 3,
312 3137 353 3201 30
376 3135 456 3217 „Sed
479 3136 573 3204 etiarn
596 3153 634 3200 ex
656 3136 811 3201 contrario
838 3143 1021 3218 argumenta
1049 3138 1214 3219 ducuntur,

86 3262 123 3323 ut
144 3257 171 3325 si
194 3261 372 3341 quaeratur,
396 3255 580 3321 amatorium
598 3272 753 3321 uenenum
765 3256 806 3322 sit
823 3273 880 3322 nec
897 3273 946 3335 ne,
967 3255 1040 3338 quia
1059 3274 1213 3321 uenenum

86 3375 273 3444 amatorium
296 3392 358 3441 non
382 3375 450 3440 sit“.
496 3373 734 3440 Coniunctivum
765 3374 899 3456 scriptor
921 3374 1027 3456 posuit
1049 3394 1086 3440 ex
1113 3375 1214 3455 opini-

86 3513 147 3562 one
170 3493 395 3576 quaerentium.

172 3610 468 3691 similimum,
503 3612 538 3675 12
566 3613 645 3693 „Est
677 3614 781 3698 alique
814 3614 908 3680 etiam
930 3614 964 3679 in
993 3613 1213 3696 respondendo

86 3730 200 3814 figura,
229 3748 298 3795 curn
327 3729 413 3795 aliud
442 3730 649 3812 interroganti
671 3733 710 3797 ad
741 3732 837 3813 aliud,
866 3733 939 3814 quia
960 3732 1004 3797 sic
1034 3733 1141 3799 utilius
1164 3734 1213 3813 sit,

86 3851 337 3918 occurritur‘...
382 3849 430 3914 Ne
451 3849 503 3914 hic
525 3849 650 3932 quidem
679 3849 894 3919 coniunctium
922 3851 1085 3934 quicquam
1115 3850 1213 3917 offen·

85 3969 183 4035 sionis
207 3968 316 4046 habet,
341 3967 431 4033 cuius
453 3965 501 4034 ris
523 3986 540 4033 e
564 3972 667 4034 mente
690 3956 775 4050 eius,
797 3970 852 4053 qui
874 3968 1081 4051 interroganti
1104 3987 1212 4036 occur

78 4087 133 4167 rit,
154 4086 249 4153 facile
265 4086 467 4169 perspicitur.
