2610 4396
1146 154 1193 220 -ἳῦ

130 323 293 404 JHalmius
315 322 355 388 in>
370 321 571 389 adnotatione
594 321 707 388 addia-
724 321 818 390 immo
838 323 913 390 latet
935 323 1115 400 ‚‚video“·io
1136 323 1192 392 illo

61 448 209 525 corrupto
233 461 320 523 „cnm
344 447 410 509 eo“.
432 477 473 489 -
504 443 546 509 Et
568 442 707 523 protecto
730 443 877 522 verbum,
905 462 943 508 ex
964 462 1025 526 quo
1055 443 1192 527 pendeat

59 563 275 628 enuntiatum:
310 581 418 645 „quem
452 562 650 645 iurgantibus
684 561 776 627 etiam
811 562 1003 628 mulierculis
1035 561 1191 645 superlin-

61 684 134 748 ere“
177 680 389 748 desideratur.
444 680 534 757 Quod
578 687 684 746 utrum
722 679 818 746 luerit
856 682 983 761 „video“
1022 700 1062 747 an
1090 682 1191 762 „scio“

61 821 101 866 an
140 799 224 866 aliud
259 801 363 865 simile
402 798 568 881 disceptari
609 818 671 864 uon
706 804 818 880 potest.
874 798 935 864 Sed
976 799 1078 866 minus
1117 818 1191 881 pro·

61 920 168 986 babile
211 919 288 983 mihi
331 918 456 983 videtur
502 920 634 984 verbum
680 919 810 997 „video“
863 919 895 983 in
945 918 999 984 illo
1042 926 1190 1000 corrupto

61 1057 152 1120 „cum
180 1039 237 1102 eo“
259 1037 371 1116 latere,
393 1054 487 1119 quam
515 1037 618 1118 ipsum
642 1037 720 1102 illud
748 1038 878 1104 verbum
910 1037 1072 1118 excidisse,
1095 1057 1187 1118 prae·

60 1157 171 1224 sertim
211 1174 281 1222 cum
319 1156 379 1222 hoc
410 1156 478 1221 loco
517 1173 605 1235 „cum
640 1175 676 1221 eo
710 1156 812 1238 qnod“
851 1156 922 1237 (mit
959 1156 1016 1221 der
1048 1157 1191 1222 Berdck·

59 1275 527 1358 sichtigungAEinschrdukung
546 1274 632 1352 dass)
657 1277 687 1339 iu
707 1274 931 1340 sententiarum
955 1281 1097 1341 tenorem
1119 1276 1189 1357 pul-

60 1394 217 1462 cherrime
246 1394 386 1476 quadret.
431 1392 642 1469 Quintilianus
664 1396 755 1472 enim,
791 1401 954 1476 postquam
983 1412 1053 1460 sese
1085 1395 1192 1460 mirari

60 1532 219 1597 nunquam
246 1512 365 1579 fortuiti
396 1513 550 1579 sermonis
580 1518 756 1579 contextum
780 1511 871 1591 dixit,
899 1513 962 1578 hoc
988 1514 1150 1579 enuntiato
1173 1532 1192 1580 a

59 1650 151 1713 „cum
174 1651 210 1698 eo
234 1631 335 1714 qnod“
359 1631 516 1714 pendente
539 1627 672 1698 orationi
695 1631 876 1697 moderatur
899 1637 931 1696 et
954 1631 1105 1709 concedit,
1128 1631 1191 1697 fre-

58 1757 203 1834 quanter,
225 1751 253 1818 si
275 1751 360 1816 calor
375 1768 411 1816 ac
427 1751 557 1831 spiritus
575 1751 691 1830 tulerit,
713 1768 818 1815 curam
841 1750 988 1831 consequi
1010 1769 1071 1816 non
1095 1768 1187 1832 posse

61 1887 242 1936 successum
276 1869 528 1950 extemporalem.
572 1867 650 1934 Cum
684 1887 778 1951 porro
812 1870 952 1947 duobus,
982 1886 1061 1951 quos
1090 1888 1187 1950 supra

59 1988 316 2067 commemoravi,
340 1989 416 2054 locis
437 2008 455 2052 a
476 1987 669 2067 Quintiliano
695 2007 786 2065 „oum
815 2008 851 2055 eo
875 1990 978 2070 qnod“
1007 1993 1190 2070 usurpatum

61 2108 114 2185 sit,
134 2106 257 2172 Halmio
281 2107 478 2172 nullomodo
501 2125 632 2188 prorsus
652 2109 816 2186 assentior,
840 2107 895 2172 sed
915 2108 947 2170 in
964 2106 1097 2171 lectione
1119 2106 1188 2172 vul·

60 2232 142 2306 gata,
164 2242 245 2307 quae
265 2227 410 2306 praebet:
433 2243 542 2307 „quem
565 2226 584 2291 i.
609 2245 634 2292 e.
653 2246 691 2291 m.
715 2223 908 2306 superfluere
930 2225 1029 2303 video,
1052 2243 1122 2290 cum
1147 2244 1184 2290 eo

59 2343 155 2426 quod,
177 2343 281 2408 si...“
305 2344 566 2427 acquiescendum
589 2362 659 2410 esse
682 2363 805 2412 censeo.

148 2495 252 2575 ,‚llx“:
274 2496 314 2577 ll,
340 2501 388 2576 17,
410 2498 451 2560 30
474 2498 632 2575 „Plurima
654 2516 728 2563 vero
746 2517 782 2562 ex
804 2498 863 2562 hoc
881 2503 989 2564 contra
1011 2496 1190 2563 rhetoricen

59 2613 216 2681 cavillatio
239 2620 296 2694 est,
319 2616 403 2696 quod
425 2635 463 2681 ex
485 2621 617 2698 utraque
640 2634 752 2682 causae
774 2622 864 2698 parte
889 2617 1035 2682 dicatur.“

146 2751 193 2831 lll,
220 2757 245 2829 l,
270 2754 304 2827 ὃς
333 2753 361 2829 6,
385 2753 420 2829 4;
448 2750 497 2830 lV,
524 2754 608 2831 1,4;
638 2751 674 2832 V,
701 2753 748 2831 10,
773 2753 848 2824 112:
876 2752 949 2832 vm,
974 2757 1001 2832 5,
1026 2753 1061 2830 33
1088 2751 1137 2833 lll,
1166 2758 1189 2831 l,

59 2871 99 2947 23
121 2867 159 2949 X,
183 2873 211 2950 3,
240 2872 292 2952 183
315 2871 364 2949 Xl,
388 2875 416 2948 3,
440 2873 492 2936 65.

75 3094 77 3096 ¹
149 3007 261 3087 „lude
282 3007 409 3090 qnod“,
432 3014 468 3072 ut
489 3008 549 3074 hoc
571 3006 711 3086 adiciam,
734 3007 854 3072 inveni:
875 3007 919 3087 lll,
941 3002 971 3089 2,
994 3013 1013 3074 2
1038 3006 1123 3088 „Nec
1143 3007 1190 3072 vi-

61 3125 136 3203 deo,
158 3144 255 3209 quare
277 3143 383 3190 curam
406 3125 530 3221 dicendi
553 3131 664 3208 putent
686 3125 811 3206 quidam
841 3125 914 3191 inde
937 3127 1086 3208 coepisse,
1107 3127 1190 3210 quod

60 3244 99 3334 iia
121 3243 175 3327 qui
198 3245 229 3308 in
253 3243 419 3309 discrimen
442 3244 568 3327 aliquod
591 3245 799 3324 vocabantur,
828 3247 1001 3312 accuratius
1025 3245 1108 3328 loqui
1131 3245 1186 3310 de-

58 3361 206 3433 fendendi
229 3364 279 3428 sui
302 3363 403 3445 gratia
425 3363 646 3428 instituerint.“

69 3572 71 3579 ι
147 3512 240 3592 „ln“:
262 3514 294 3594 ll,
312 3516 341 3592 6,
367 3520 379 3578 l
406 3514 501 3594 „Fuit
521 3515 659 3609 etiamid
678 3516 740 3579 hoc
757 3514 913 3581 diversum
932 3515 1189 3598 praecipientium

60 3632 266 3714 propositum,
288 3632 371 3714 quod
394 3651 501 3698 eorum
525 3632 650 3714 quidam
675 3632 938 3715 mate1·ias,quas
966 3632 1127 3715 discipulis
1149 3634 1190 3700 ad

58 3748 229 3820 ‚dicendum
243 3750 370 3830 dabant,
391 3770 453 3818 non
465 3751 604 3818 contenti
622 3750 775 3818 divisione
788 3751 924 3833 dirigere
944 3751 1038 3818 latius
1058 3752 1190 3818 dicendo

59 3869 373 3953 prosequebantur‘.
388 3916 416 3935 ..

56 3984 59 3991 ’
147 4005 179 4084 ι,
203 4006 250 4088 ιο,
274 4006 327 4088 145
353 4003 424 4085 vm,
448 4007 477 4086 c,
502 4008 554 4082 ιι;
577 4002 628 4086 m
649 4006 679 4085 ι,
702 4004 762 4084 aa,
786 4005 829 4088 ιι,
850 4011 883 4084 ι,
903 4002 1111 4080 masma
1127 4004 1220 4058 xm.
