2610 4396
1182 168 1231 255 il.

92 339 272 447 introducto
295 345 342 427 id,
364 343 448 430 quod
477 344 622 413 universe
642 351 675 412 et
702 345 846 413 absolute
868 343 1081 426 Quintilianus
1103 345 1222 413 iudica·

94 466 143 535 tlt
164 466 296 547 ,similis
319 466 454 533 imitatio
476 469 542 533 eat“
565 467 741 533 accuratius
763 465 949 533 terminatur
969 466 1018 534 vel
1039 465 1144 548 potius
1157 484 1225 532 cor·

94 586 220 670 rigitur.
264 585 312 651 De
352 583 556 667 grammatica
588 585 683 651 huius
716 603 792 652 usus
826 584 1031 666 explicatione
1064 584 1224 651 commode

94 704 162 788 egit
182 703 335 770 Reussius
355 703 376 768 l
397 704 419 768 l
440 722 470 786 p.
490 706 541 768 26.
585 703 666 769 Nam
684 721 745 768 non
764 721 888 784 semper
906 703 939 767 in
956 702 1222 770 enuntiationibus

93 822 216 903 a„nisi
237 820 341 905 quod‘
370 822 578 904 pendentibus
600 822 721 904 ellipsis
751 821 919 915 statuenda
945 828 1008 902 est,
1036 839 1129 904 quam
1151 840 1224 888 raro

93 942 287 1022 invenimus,
307 941 362 1006 ubi
385 942 580 1007 enuntiatum
602 941 773 1024 principale
796 941 972 1024 negativam
992 941 1132 1007 eontinet
1153 959 1224 1006 scn-

96 1061 238 1127 tcntiam.
282 1060 392 1142 ltaque
413 1060 500 1125 nulla
522 1061 605 1128 inest
625 1060 659 1127 in
679 1061 738 1126 boc
759 1036 844 1125 loco:
865 1058 908 1141 V,
941 1062 994 1141 14,
1020 1062 1058 1124 ll
1078 1060 1224 1142 „Epicbi-

94 1197 184 1247 roma
205 1184 309 1246 autem
331 1177 419 1244 nullo
443 1178 548 1243 differt
570 1178 806 1262 asyllogismis,
830 1178 890 1245 nisi
907 1178 990 1262 quod
1007 1179 1054 1244 illi
1067 1184 1100 1244 et
1116 1178 1223 1262 plures

87 1295 215 1364 habent
237 1298 359 1379 specics
381 1304 414 1363 et
434 1316 508 1365 vera
529 1297 681 1379 colligunt
701 1298 801 1377 veris,
824 1297 1056 1379 epichirematis
1077 1298 1222 1381 frequen-

93 1417 162 1493 tior,
175 1416 257 1495 cuca
275 1415 498 1495 credibiliaest
515 1420 619 1484 usus.“
662 1417 713 1490 dd
735 1417 831 1489 ¹verba
853 1416 932 1498 „nisi
948 1415 1049 1498 quod‘
1062 1417 1223 1500 suppleas:

93 1536 177 1618 „boc
199 1533 331 1602 differt“.

181 1654 333 1725 Similiter
355 1655 408 1737 Vl,
430 1658 459 1738 5,
482 1655 594 1736 3;1v,
616 1657 645 1735 i,
669 1657 717 1722 79.

180 1774 336 1857 Quattuor
368 1781 472 1843 autem
507 1774 613 1840 inveni
646 1775 802 1858 exempla,
835 1775 889 1841 ubi
924 1781 998 1858 post
1027 1775 1223 1840 enuntiatum

94 1896 282 1980 principale,
311 1896 395 1979 quod
417 1894 595 1978 negativam
617 1882 755 1993 continet
776 1895 980 1975 sententiam,
1010 1894 1134 1976 ellipsin
1157 1901 1222 1961 sta·

93 2021 229 2093 luemus,
251 2032 332 2098 quae
354 2032 417 2080 non
440 2032 478 2078 ex
500 2012 579 2096 ipsis
602 2013 716 2091 verbis,
739 2012 795 2080 sed
812 2031 831 2078 c
848 2013 917 2079 sola
940 2012 1094 2079 sententia
1115 2032 1222 2080 eorum

93 2132 256 2216 expleatur
273 2131 407 2201 'necesse
429 2138 488 2198 est.
884 2194 889 2202 .

180 2249 247 2318 Sici
270 2249 329 2330 lV,
350 2252 389 2330 l,
410 2253 460 2316 74.
503 2250 651 2317 Defendit
667 2257 758 2332 pater
773 2248 866 2330 filios,
888 2250 986 2332 quiin
1003 2256 1135 2317 mortem
1154 2251 1223 2318 eine

92 2370 309 2439 coniuratione
328 2369 418 2449 iacta,
440 2370 599 2452 parricidii
620 2371 755 2438 accusati
777 2377 881 2437 erant:
905 2370 1128 2455 „nequeenim
1153 2370 1223 2436 iure

92 2489 227 2557 iurando
250 2489 462 2572 oportuisse,
492 2490 519 2556 si
546 2491 662 2574 alioqui
691 2492 751 2557 hoc
784 2492 905 2573 mentis,
932 2491 1132 2570 habuissent,
1166 2508 1224 2556 nec

91 2599 187 2687 sorte,
208 2609 272 2676 uisi
293 2609 377 2692 quod
395 2610 579 2692 aequisque
601 2611 693 2676 eximi
713 2611 875 2676 voluerit.“
919 2610 1059 2692 Elllpsls¹
1072 2609 1222 2691 expletur,

92 2746 162 2794 cum
185 2745 203 2792 e
224 2728 392 2794 verborum
421 2729 577 2792 sententia
597 2727 710 2794 addas:
740 2728 911 2809 „sortiendi
934 2730 1150 2794 necessitatem
1173 2733 1221 2794 at·

90 2846 226 2915 tulerit‘.

178 2963 580 3048 V111,.3,eo„u1u1taex
604 2963 722 3032 Graeco
751 2965 884 3032 formata
911 2985 992 3033 nova
1019 2983 1056 3033 ae
1085 2964 1220 3047 plurima

50 3074 52 3080 ’
90 3103 109 3150 a
138 3080 249 3166 Sergio
272 3083 386 3166 Flavo,
412 3103 543 3167 quorum
574 3084 653 3149 dura
687 3086 838 3165 quaedam
870 3086 1038 3151 admodum
1066 3085 1220 3165 videntur,

93 3209 130 3269 ut
150 3220 272 3286 queens
291 3208 325 3269 et
345 3203 496 3271 essentia:
519 3221 600 3286 quae
617 3209 775 3269 curtante
798 3222 893 3287 opere
915 3223 1118 3287 aspernemur
1139 3203 1220 3268 nihil

90 3320 196 3403 uideo,
219 3321 282 3389 nisi
304 3322 390 3405 quod
416 3321 514 3404 iniqui
538 3322 657 3388 iudices
684 3321 837 3389 adversus
866 3340 926 3391 nos
952 3340 1059 3389 sumus
1086 3322 1219 3405 ideoque

88 3446 276 3523 paupertate
304 3441 460 3509 sermonis
487 3441 694 3507 laboramus.“
738 3441 874 3524 Ellipsin
897 3441 1023 3523 expleas
1050 3440 1110 3506 sic:
1136 3440 1217 3520 „nisi

87 3575 126 3625 ca
148 3576 245 3627 causa
266 3566 324 3641 est,
345 3560 528 3643 quod“....
585 3607 590 3642 3

172 3677 315 3745 &odem
338 3677 464 3762 ellipsin
486 3684 606 3748 statuas
626 3678 683 3765 lx,
702 3680 732 3758 4,
758 3680 827 3742 110.
851 3715 891 3727 -

171 3794 374 3878 1x‚4,145
403 3797 532 3882 „Neque
555 3780 648 3879 ,enim
681 3797 781 3862 ullum
804 3798 862 3879 (sc.
890 3788 1033 3875 ve'rbum)
1062 3794 1124 3860 erit
1152 3801 1215 3860 tam

83 3911 221 3998 difficile,
243 3915 334 3998 quod
349 3934 411 3983 non
434 3917 598 3983 commode
619 3915 716 3983 inseri
738 3915 849 3997 possit,
870 3914 932 3997 nisi
949 3914 1032 3999 quod
1049 3915 1081 3980 in
1100 3913 1215 3980 evitan-

82 4033 137 4119 dis¹
158 4033 313 4120 eiuemmi
336 4034 515 4123 vepbisnon
535 4033 951 4136 decoremcompositiodm
969 4024 1253 4114 muneramus-aea
