2610 4396
533 481 766 618 llll,

176 719 402 784 Edmundus
421 719 673 790 -Hermannus
704 719 930 801 Leopoldus
954 721 1131 787 Giinther
1159 740 1217 787 na·
1299 734 1301 739 '

90 845 142 905 tus
175 857 243 904 sum
278 838 328 903 die
361 837 414 903 IX.
448 856 487 902 m.
509 838 578 905 Jan.
612 837 685 903 anni
713 840 742 903 h.
772 857 796 904 s.
824 838 927 905 LVIII
954 823 1094 906 Berolini
1127 845 1220 921 patre

90 957 278 1038 Bertholdo,
308 962 408 1022 matre
436 955 493 1021 Ida
518 975 536 1021 e
564 962 656 1039 gente
679 957 838 1036 Haensch‚
873 977 951 1039 quos
979 959 1067 1025 vivos
1095 976 1221 1024 summa

90 1076 208 1160 pietate
235 1092 377 1140 veneror.
423 1073 512 1139 Fidei
541 1074 686 1141 addictus
715 1093 784 1141 sum
817 1077 1021 1160 evangelicae.
1066 1074 1127 1141 Sex
1154 1075 1220 1141 iere
1256 1058 1260 1066 ¹

91 1212 195 1261 annos
216 1199 309 1258 natus
330 1198 474 1273 receptus
491 1210 559 1258 sum
578 1193 612 1258 in
630 1194 762 1260 classem
781 1201 920 1260 octavam
942 1196 1095 1278 gymnasii
1106 1174 1221 1260 Brom

91 1312 263 1395 bergensis,
286 1309 375 1376 cuius
399 1310 571 1393 discipulus
591 1310 635 1376 ini
663 1311 809 1392 auspiciis
832 1311 1019 1378 Deinhardti
1041 1319 1074 1379 et
1094 1312 1220 1380 Bredae

91 1449 148 1515 per
177 1428 340 1495 duodecIm
361 1414 469 1496 annos.
512 1410 600 1496 Gum'
613 1435 717 1496 autem
748 1435 837 1511 pater
856 1430 1102 1497 Krotoschinum
1124 1449 1219 1497 voca·

92 1556 144 1617 tus
167 1554 263 1628 esset,
290 1548 334 1614 ibi
356 1565 413 1629 per
436 1567 530 1614 unum
560 1567 677 1615 annum
703 1548 895 1632 frequentavi
924 1549 1056 1631 primam
1085 1550 1220 1618 classem

93 1667 255 1751 gymnasii,
276 1666 325 1732 cui
347 1667 449 1731 adhuc
470 1666 594 1749 egregie
611 1674 737 1748 praeest
754 1669 804 1734 vir
825 1666 1072 1733 humanissimus
1095 1668 1221 1733 Leach·

93 1789 269 1869 tenberger.
312 1785 490 1849 hactumno
502 1803 529 1849 a.
547 1787 577 1849 h.
595 1804 619 1852 s.
636 1785 768 1850 LXXVI
790 1785 979 1851 maturitatis
1002 1788 1218 1852 testimonium

93 1907 227 1988 adeptus
248 1901 467 1970 Vratislaviam
491 1921 540 1967 me
562 1903 694 1984 contuli,
724 1905 778 1969 ubi
801 1923 857 1985 per
879 1905 939 1969 tria
962 1904 1126 1970 semestris
1149 1911 1219 1971 stu-

97 2025 157 2091 diis
179 2020 379 2107 philologieis
408 2040 534 2104 operam
559 2022 639 2088 dedi.
684 2023 763 2087 Tum
786 2022 875 2088 Halia
898 2021 1053 2088 Saxonum
1066 2041 1121 2104 per
1143 2042 1222 2105 qua·

93 2150 143 2209 ter
164 2160 256 2209 senos
278 2158 402 2207 menses
425 2140 529 2207 studia
547 2160 617 2206 mea
633 2141 824 2208 contiuuavi.
870 2143 1112 2207 Docueruntme
1128 2142 1219 2222 prae·

94 2262 184 2342 cipue
215 2259 274 2326 viri
312 2259 494 2325 oltrissimi:
528 2260 702 2343 Dilthey,
730 2260 865 2338 Hertz,
894 2261 1093 2340 Ludwich,
1122 2259 1220 2326 Neu·

96 2398 221 2459 mann,
243 2379 423 2456 Partsch,
446 2377 758 2456 Reifferscheid,
787 2377 1005 2458 Rossbach,
1032 2378 1222 2461 Stennler,

96 2495 304 2562 Weinhold
342 2495 563 2574 Vratislaviae;
612 2497 703 2563 Halis
744 2498 1045 2579 Dittenberger‚
1090 2497 1223 2581 H'aym,

93 2615 325 2696 Hertzberg,
347 2615 491 2692 lliller,
519 2615 619 2693 Keil,
649 2616 872 2694 Kirchholl‚
903 2617 1074 2696 Kramer‚
1102 2617 1132 2682 J.
1155 2617 1224 2684 Za·

94 2735 194 2814 cher,
218 2734 254 2798 K.
277 2733 427 2799 Zacher.
472 2732 679 2800 Vratislaviae
701 2733 827 2799 interfui
860 2735 1039 2803 seminariis
1061 2743 1093 2800 et
1114 2736 1220 2816 philo-

95 2853 193 2936 logioo
217 2858 248 2917 et
270 2852 453 2930 Theodisco,
474 2859 636 2934 praeterea
664 2854 939 2919 exercitationibus
968 2855 1223 2938 archaeologicis,

97 2989 175 3054 quas
199 2946 424 3037 moderabatur
441 2970 621 3053 Rossbach3
643 2970 734 3036 Halis
759 2991 828 3037 cum
852 2973 1127 3039 exercitationibus
1150 2992 1222 3052 pro·

95 3089 256 3154 seminarii
278 3089 457 3172 philologici
479 3107 608 3170 operam
631 3090 712 3167 dedi,
736 3098 801 3156 tum
825 3109 883 3171 per
905 3110 960 3157 sex
982 3108 1104 3156 mensas
1127 3094 1225 3158 semi-

94 3209 175 3275 narii
208 3202 409 3291 paedagogici
442 3209 586 3276 Krameri
621 3211 768 3290 auspiciis
802 3209 921 3276 sodalis
954 3210 1131 3277 ordinarius
1165 3211 1223 3281 lui.

93 3327 152 3393 His
175 3329 250 3393 viris
276 3326 423 3394 omnibus
451 3328 566 3408 optime
593 3329 633 3394 de
661 3348 711 3394 me
740 3329 859 3394 meritis
889 3348 990 3411 neque
1016 3333 1120 3397 minus
1148 3332 1225 3414 illis,

94 3447 147 3529 qui
175 3454 267 3512 antea
294 3447 384 3512 bonis
419 3445 540 3513 artibus
563 3466 612 3512 me
645 3448 863 3526 instituerunt,
893 3451 1010 3533 gratias
1038 3469 1097 3534 ago
1128 3470 1224 3533 quam

97 3566 245 3630 maximas
267 3581 452 3648 semperque
474 3565 611 3633 debitam
635 3568 766 3650 gratiam
789 3568 924 3635 habebo.

554 3852 760 3873 π
